3402 5172
724 263 749 352 Ϊ
817 303 858 367 79

717 387 719 392 ,
728 381 939 390 ,φφ-.-

181 506 290 569 multo
314 507 418 587 magis
436 504 556 568 lactum
573 514 649 567 erat.
690 505 811 566 Nonne
828 505 925 566 etiam
942 504 1095 566 orationis
1117 503 1241 571 initium
1258 506 1365 568 verbis
1390 501 1482 569 »ἀνα-

179 616 454 701 μιμνησκομένας
476 623 544 681 τῶν
566 613 807 698 γεγενημένων(
834 635 940 698 neque
963 613 1121 696 particula
1144 613 1220 680 τότε
1243 616 1353 678 addita
1377 637 1482 698 neque

182 728 254 790 alio
275 728 433 811 temporis
455 728 549 808 signo
574 735 733 789 monstrat
757 727 797 789 de
823 728 917 790 rebus
949 728 1001 807 agi
1034 745 1098 806 non
1129 724 1333 807 longinquis?
1358 727 1488 806 Quibus

179 839 228 900 ‘de
255 839 359 900 causis
381 839 458 900 mihi
481 835 745 900 verisimillimum
770 855 840 900 esse
861 837 988 900 videtur
1011 837 1070 900 sub
1092 836 1191 899 finem
1216 837 1290 898 anni
1314 853 1376 912 402
1401 837 1485 901 hanc
1556 889 1558 896 .

182 949 370 1011 orationem
394 947 538 1010 habitam
564 967 642 1009 esse.

296 1057 452 1121 Consulto
476 1057 582 1120 adhuc
614 1057 743 1138 neglexi
767 1062 787 1138 ξ
811 1075 849 1136 9:
878 1056 959 1122 »Elui
988 1055 1021 1120 db
1044 1053 1161 1132 οἵτινες
1191 1064 1259 1122 τῶν
1289 1053 1486 1124 Ἐλευσῖνάδε

186 1165 481 1253 ἀπογραψαμένων
497 1167 690 1252 ἐξελθόντες
705 1163 780 1250 μεθ’
801 1163 894 1251 ὑμῶν
908 1165 1132 1252 ’ἐπολιόρκουν
1147 1166 1225 1243 τοὺς
1248 1165 1323 1251 μεθ’
1346 1165 1487 1244 attor«,

187 1281 233 1343 de
257 1301 324 1362 quo
348 1280 420 1342 loco
445 1280 580 1343 multum
605 1280 687 1342 inter
710 1280 795 1342 viros
812 1281 928 1342 doctos
948 1280 1147 1363 disputatum
1163 1287 1258 1353 este
1281 1301 1347 1362 quo
1363 1300 1486 1353 omnes,

190 1391 343 1472 quamvis
366 1391 407 1452 de
423 1391 688 1473 interpretatione
714 1390 935 1467 dissentirent,
964 1410 1023 1474 pro
1046 1398 1135 1452 certo
1159 1389 1343 1453 habuerunt
1365 1389 1489 1452 elucere

189 1508 269 1584 post
303 1499 455 1562 Eleusina
490 1509 713 1581 recuperatam
749 1501 832 1563 hanc
858 1501 1048 1576 ,orationem
1082 1500 1227 1562 habitam
1261 1520 1348 1573 esse,
1385 1501 1489 1562 donec

189 1609 330 1674 Grosser
353 1611 428 1674 diss.
452 1609 471 1671 l.
490 1631 520 1691 p.
546 1627 578 1672 11
601 1620 633 1673 et
654 1612 686 1672 in
710 1631 782 1673 ann.
809 1611 862 1692 ph.
886 1620 918 1673 et
942 1632 972 1693 p.
996 1611 1014 1672 l.
1040 1611 1058 1672 l.
1084 1611 1183 1673 etiam
1205 1611 1269 1672 hoc
1290 1631 1374 1672 nova
1396 1611 1488 1673 inter-

190 1722 377 1804 pretatione
401 1720 525 1800 prolata
550 1723 690 1802 negavit.
777 1705 782 1721 '

299 1831 397 1912 Quod
414 1839 523 1894 autem
539 1833 652 1894 attinet
668 1833 709 1894 ad
734 1831 828 1894 huius
843 1831 904 1894 loci
919 1831 1090 1894 lectionem
1108 1830 1252 1905 dubiam,
1266 1832 1344 1896 mihi
1358 1832 1488 1913 quidem

190 1963 266 2009 cum
290 1942 441 2004 omnibus
465 1942 531 2004 fere
554 1943 628 2004 viris
652 1943 756 2005 doctis
781 1942 1012 2006 recentioribus
1034 1941 1129 2005 lectio
1151 1941 1298 2022 vulgata:
1328 1940 1488 2026 »ἐπολιορ-

189 2062 312 2118 κοῦντο
334 2047 403 2136 μετ’
426 2051 555 2116 αὐτῶν(
583 2053 755 2115 reiicienda
773 2052 898 2114 videtur
928 2061 962 2114 et
985 2051 1137 2115 Scheibei
1167 2053 1366 2116 coniectura:
1401 2050 1490 2116 »έπο

193 2149 347 2248 λιόρκοον
363 2159 440 2238 τοὺς
463 2158 538 2245 μεθ’
554 2157 686 2226 abzoae
712 2162 911 2244 accipienda,
937 2182 1042 2244 neque
1060 2183 1134 2225 mea
1150 2163 1308 2226 sententia
1324 2163 1490 2226 Francken

193 2283 226 2336 et
250 2273 383 2355 Sauppe
406 2273 590 2359 habebant,
623 2292 679 2334 cur
708 2271 1027 2351 interpretationibus
1055 2272 1324 2336 artificiosissimis
1350 2284 1383 2336 et
1404 2280 1491 2336 recte

191 2384 384 2469 improbatis
406 2383 578 2446 lectionem
600 2383 764 2464 vulgatam
789 2381 1007 2445 defenderent.
1051 2383 1138 2446 Nam
1161 2403 1225 2445 non
1250 2382 1491 2464 neglegendum

195 2503 264 2558 erat
283 2494 367 2557 hanc
390 2494 493 2574 ipsam
517 2494 702 2556 coniectura
725 2493 874 2556 effectam
897 2514 977 2568 esse,
1002 2494 1076 2576 quia
1100 2493 1206 2555 codex
1229 2493 1268 2567 X,
1294 2514 1312 2555 e
1334 2514 1401 2576 quo
1425 2493 1490 2556 reli-

194 2626 278 2689 quos
303 2624 417 2666 omnes
441 2604 605 2667 derivatos
629 2625 700 2667 esse
718 2603 851 2686 Sauppe
875 2604 945 2685 ipse
968 2605 1000 2665 in
1028 2603 1186 2688 »epistola
1209 2603 1320 2665 critica
1343 2603 1384 2665 ad
1405 2601 1490 2670 God.

193 2716 450 2787 Hermannumc,
468 2734 497 2780 a.
519 2717 611 2791 1841,
630 2715 875 2787 demonstravit,
894 2714 1027 2777 exhibet
1042 2714 1214 2776 lectionem
1237 2710 1490 2797 ἐπολιορκοῦντο

193 2821 268 2908 μεθ’
291 2819 412 2903 αὑτῶν,
448 2845 531 2909 quae
554 2825 663 2888 nescio
687 2845 727 2887 an
751 2845 817 2887 non
841 2823 943 2887 multo
959 2823 1117 2887 difficilius
1142 2845 1243 2886 exea
1266 2825 1405 2888 lectione
1422 2824 1489 2888 fieri

196 2936 349 3018 potuerit,
374 2955 472 3015 quam
497 2933 637 2998 Scheibe
661 2935 808 3007 restituit,
823 2943 930 3018 'quam
955 2955 997 2996 ex
1019 2934 1079 2996 illa.

301 3046 427 3126 Quibus
450 3047 606 3127 expositis
630 3055 666 3108 ut
689 3064 891 3125 quaeramus,
926 3045 1093 3124 quomodo
1122 3046 1202 3108 haec
1232 3047 1334 3108 verba
1364 3047 1488 3128 optime

195 3156 404 3242 explicentur,
430 3155 470 3217 de
494 3157 601 3218 verbis
628 3163 715 3220 »τῶν
738 3151 935 3220 Ἐλευσῖνάδε
958 3151 1263 3239 ἀπογραψαμένων(
1290 3156 1488 3238 explicandis

196 3265 352 3330 assentior
374 3265 610 3347 Frohbergero,
636 3267 699 3348 qui
713 3267 851 3329 coniecit
874 3266 970 3328 haec:
995 3286 1068 3328 cum
1099 3287 1179 3347 pace
1212 3287 1271 3349 per
1294 3267 1488 3330 Pausaniam

196 3375 277 3436 inter
301 3374 426 3436 exsules
450 3386 483 3438 et
505 3378 646 3438 urbanos
670 3375 874 3439 reconciliata
897 3377 1016 3438 diserte
1040 3384 1243 3448 statueretur,
1270 3387 1305 3439 ut
1328 3377 1374 3439 eis
1398 3377 1489 3440 urba-

195 3486 251 3558 nis,
277 3485 330 3566 qui
366 3485 426 3546 sibi
462 3495 654 3559 metuerent,
693 3487 845 3550 Eleusina
874 3488 1014 3568 migrare
1042 3487 1159 3559 liceret,
1189 3506 1313 3559 omnes,
1350 3488 1404 3568 qui
1427 3488 1489 3550 hac

195 3595 386 3658 condicione
410 3595 495 3657 usuri
519 3606 618 3670 erant,
644 3598 775 3659 nomina
797 3583 933 3680 professi
956 3605 1039 3668 sunt,
1065 3606 1098 3659 et
1121 3617 1159 3658 ea
1173 3596 1215 3658 de
1239 3592 1488 3662 causabamur·

195 3704 273 3775 νάδε
305 3701 577 3788 ἀπογραψάμενοι
609 3708 716 3794 vocari
739 3715 898 3788 poterant.
937 3707 1041 3768 Aliter
1065 3706 1214 3780 Scheibe,
1239 3707 1487 3782 Rauchenstein,

196 3814 341 3888 Grosser,
369 3813 495 3878 Stutzer
518 3816 691 3880 coniiciunt
713 3819 938 3900 trigintaviros,
972 3837 1044 3879 curn
1067 3817 1227 3881 discordia
1251 3819 1333 3880 inter
1354 3820 1414 3880 tria
1438 3819 1488 3881 illa

196 3927 280 3988 milia
314 3937 385 3988 orta
407 3925 638 3988 intellexissent
662 3929 774 3990 urbem
803 3928 863 3990 sibi
894 3927 961 3989 fore
993 3927 1247 4007 relinquendam,
1278 3949 1401 4002 omnes,
1433 3930 1487 4011 qui

195 4036 346 4099 Eleusina
368 4057 403 4096 se
427 4036 517 4117 sequi
542 4035 669 4110 vellent,
700 4037 831 4099 nomina
862 4038 938 4100 dare
968 4038 1112 4110 iussisse,
1148 4047 1180 4100 et
1209 4039 1270 4101 hos
1299 4038 1347 4101 his
1380 4041 1488 4102 verbis

195 4146 343 4228 spectari.
392 4146 600 4228 Quamquam
622 4147 707 4210 hanc
723 4137 940 4210 coniecturam
956 4146 1069 4210 falsam
1093 4167 1164 4210 esse
1187 4148 1398 4228 demonstrari
1422 4170 1487 4213 non

195 4266 313 4338 potest,
339 4264 446 4318 tamen
471 4277 584 4339 parum
608 4257 779 4321 verisimile
809 4267 858 4319 est
888 4268 1043 4339 tyrannos
1074 4258 1138 4320 iam
1170 4267 1265 4320 antea
1292 4258 1356 4322 hoc
1387 4259 1487 4322 modo

195 4367 316 4429 civibus
339 4367 519 4430 ostendisse
542 4389 577 4430 se
599 4378 751 4442 metuere,
777 4387 826 4430 ne
840 4367 882 4430 ab
906 4367 983 4450 ipsis
1007 4370 1086 4431 urbe
1110 4369 1356 4451 expellerentur,
1382 4389 1486 4451 neque

196 4478 346 4542 omnibus
369 4477 492 4541 civibus
515 4499 586 4542 sese
603 4479 783 4560 confidere3
806 4498 883 4542 num
899 4499 977 4542 vero
992 4489 1068 4564 post
1081 4480 1321 4548 dissensionem
1339 4489 1486 4549 exortam
