3402 5172
707 1379 1076 1488 Index

240 1596 312 1673 §n
362 1591 534 1664 Praefatio
559 1646 1364 1660 ...................................
1391 1620 1466 1681 pag.
1517 1614 1534 1678 7
1586 1679 1589 1692 ,

744 1788 853 1890 Caput
881 1767 1035 1890 prinum.

194 1969 200 1980 ”
239 1964 533 2059 Scriptorum
564 1969 860 2064 antiquorum
890 1967 1165 2040 testimonia
1193 1969 1458 2040 asseruntur
1487 1986 1534 2041 et

717 2113 1024 2192 exponuntur

238 2270 311 2345 §a
359 2269 445 2349 Quid
470 2271 576 2334 tradat
598 2272 783 2354 Xenophon
803 2322 1365 2337 ........................
1390 2293 1464 2355 pag.
1494 2290 1532 2335 ιο

236 2381 307 2456 §3
356 2380 442 2460 Quid
467 2383 630 2444 Diodorus
646 2432 1363 2448 .................................
1426 2409 1439 2441 ›
1495 2400 1530 2444 12

236 2493 307 2568 §4
357 2489 444 2570 Quid
468 2493 607 2554 Iustinus
623 2541 1362 2557 ................................
1426 2521 1437 2552 ι
1494 2507 1531 2571 14

235 2601 308 2677 §3
356 2599 443 2680 Quid
467 2600 633 2664 Cornelius
657 2603 769 2685 Nepos
778 2653 1359 2668 ...........................
1425 2631 1437 2661 ›
1493 2605 1531 2666 16

234 2711 305 2771 ἑὸ
355 2709 441 2791 Quid
466 2711 656 2776 Andocides
665 2764 1358 2778 ............................
1425 2739 1436 2770 ›
1492 2729 1528 2793 17

234 2821 304 2899 ἐγ.
354 2821 442 2900 Quid
466 2845 507 2885 ex
529 2825 598 2886 aliis
621 2825 830 2907 scriptoribus
855 2825 897 2886 sit
920 2825 1226 2904 colligendum.,..
1354 2874 1359 2884 .

237 2932 310 3008 §a
358 2932 485 3012 Quibus
510 2935 694 2998 nominibus
718 2937 839 3014 antiqui
863 2935 1054 2997 amnestiam
1079 2933 1291 2996 notaverint.
1331 2983 1358 2994 ..
1423 2960 1435 2990 ›

615 3123 788 3192 Excursus
812 3124 853 3192 ad
877 3125 978 3208 caput
1003 3124 1154 3209 prinum.

235 3283 254 3358 ἓ
276 3299 304 3360 9.
352 3284 404 3344 De
427 3285 494 3345 aliis
515 3285 618 3367 pactis
633 3331 1349 3349 ,,,,,,,,,,,,,,,,,,,,,,,,,,,,,,,,
1382 3303 1458 3366 pag,
1485 3284 1526 3344 26

712 3473 821 3573 capu
847 3475 1047 3554 secundun.

299 3653 519 3726 Virorum
549 3654 797 3726 doctorum
827 3655 1104 3726 sententiae
1135 3669 1457 3725 recensentur.

230 3831 250 3906 ἓ
279 3845 328 3895 10.
375 3830 439 3912 Qui
465 3831 570 3894 fontes
594 3832 694 3894 secuti
718 3832 786 3893 sint
794 3879 1355 3896 ........................
1380 3849 1455 3910 pag.
1483 3847 1525 3908 30

230 3941 325 4017 §IL
373 3941 438 4022 Qui
461 3962 574 4004 eorum
598 3943 817 4004 narrationem
841 3942 1080 4003 immutaverint
1107 3989 1354 4002 ............
1418 3966 1430 3996 >
1482 3957 1519 4018 31

229 4051 325 4126 §12
371 4053 423 4114 De
447 4049 595 4114 Grosseri
619 4052 753 4114 summis
775 4053 1067 4132 argumentis....
1419 4076 1431 4106 ›
1483 4063 1524 4125 34

230 4159 324 4237 §13
373 4161 423 4222 De
445 4162 674 4244 Xenophontis
696 4161 887 4224 hellenicis.
927 4209 1353 4224 ...................
1416 4184 1429 4216 ι
1481 4159 1523 4236 36

229 4271 324 4347 §14
373 4270 423 4331 De
446 4273 535 4354 pacis
558 4272 801 4335 condicionibus
816 4319 1354 4334 .......................
1417 4294 1429 4325 ›
1481 4270 1521 4345 38

228 4383 248 4458 ξ
277 4392 323 4459 15.
371 4381 422 4441 De
444 4382 692 4444 Atheniensium
716 4381 995 4445 reconciliatorum
1018 4381 1171 4444 contione
1189 4428 1351 4442 .......

228 4492 248 4568 ξ
276 4491 322 4552 16.
371 4489 421 4553 De
446 4491 665 4572 Xenophonte
688 4501 720 4554 et
744 4493 865 4555 Iustino
889 4493 984 4575 plane
1007 4490 1307 4554 consentientibus¹
1346 4539 1352 4551 .
