3402 5172
822 303 864 384 24

738 394 949 405 ι--.--.

206 532 262 586 aut
276 530 402 584 servata
416 525 472 584 aut
487 521 673 604 praeterita,
691 521 827 584 verbum
846 531 1056 606 μνησικακεῖν
1072 519 1240 595 invenitur,
1266 531 1301 584 ut
1315 516 1401 584 And.
1416 518 1494 601 190.

199 643 255 712 95.
285 635 355 695 108.
385 648 455 712 109,
481 631 557 712 Lys.
580 631 688 694 XVIII
716 648 764 711 19,
781 631 874 696 XXX
896 648 927 710 9,
945 632 1040 692 Isocr.
1064 629 1170 693 XVIII
1195 646 1279 710 323,
1298 631 1396 694 Arist.
1412 632 1491 696 Plut.

204 741 297 820 1146,
328 741 414 806 alias.
470 739 534 822 Qui
569 740 631 803 loci
661 760 775 803 omnes
806 742 982 804 ostendunt
1010 742 1056 802 sic
1086 741 1163 802 illud
1193 741 1313 804 lactum
1341 755 1493 807 vocatum

199 870 271 914 csse
294 872 401 933 neque
425 871 545 914 nomen
567 849 699 912 brevius
714 860 880 912 oratorum
904 849 1104 913 laudatorum
1120 861 1270 931 tempore
1281 851 1386 926 suisse,
1402 855 1491 935 quod

200 961 422 1044 compluribus
452 962 532 1025 locis
563 969 651 1024 certe
681 969 849 1043 resputum
885 981 950 1023 non
983 971 1077 1024 esset.
1135 959 1287 1042 Sequitur
1315 963 1426 1043 igitur,
1457 972 1492 1025 ut

198 1089 318 1133 nomen
346 1067 542 1156 »ἀμνηστίαι
567 1079 683 1154 postea
698 1070 808 1132 fictum
825 1071 874 1142 sit,
899 1081 941 1145 et,
958 1072 985 1132 si
1002 1089 1101 1134 unum
1123 1070 1327 1150 neglegimus
1348 1071 1492 1135 Platonis

199 1180 250 1243 vel
272 1181 540 1265 Pseudoplatonis
563 1180 680 1254 locum,
698 1180 826 1242 Menex.
844 1198 976 1261 9:239
996 1179 1032 1254 C,
1056 1181 1111 1243 ubi
1127 1183 1265 1244 verbum
1292 1180 1488 1266 »ἀμνηστίαι

200 1301 315 1366 exstat,
341 1292 398 1354 sed
422 1311 527 1373 neque
551 1291 592 1353 de
614 1289 676 1353 hac
694 1311 727 1352 re
747 1310 852 1372 neque
876 1292 1008 1353 omnino
1031 1290 1094 1353 hoc
1122 1311 1217 1354 sensu
1242 1291 1433 1365 adhibitum,
1459 1302 1492 1354 et

197 1401 251 1464 ubi
276 1402 416 1464 editores
439 1402 633 1464 recentiores
657 1411 733 1483 post
757 1399 1006 1464 Stallbaumium
1028 1411 1124 1475 recte,
1143 1412 1178 1463 ut
1193 1402 1328 1476 videtur,
1354 1402 1491 1464 Bekkeri

196 1513 380 1576 coniectura
393 1531 454 1594 pro
481 1509 534 1575 »ἐν
555 1509 734 1599 ἀμνηστίᾳα
761 1513 905 1574 scribunt
932 1509 1182 1599 »ἒνμνηστείᾳι,
1209 1513 1351 1592 prImum
1368 1514 1488 1576 inveni-

197 1631 249 1684 tur
272 1623 360 1705 apud
383 1621 548 1686 Valerium
570 1619 750 1684 Maximum
782 1622 828 1684 IV
862 1639 927 1699 1,4:
963 1621 1204 1702 »Thrasybulus
1219 1672 1313 1689 .....
1347 1623 1491 1705 plebisci-

197 1743 267 1794 tum
291 1731 491 1816 interposuit,
518 1752 647 1814 nequa
676 1734 921 1814 praeteritarum
953 1753 1059 1795 rerum
1091 1734 1213 1794 mentio
1244 1732 1343 1795 fieret.
1400 1733 1491 1795 Haec

197 1842 326 1917 oblivio,
352 1861 448 1923 quam
478 1842 695 1904 Athenienses
725 1839 906 1927 ἀμνηστίαν
934 1851 1071 1904 vocant<
1104 1853 1165 1903 etc.
1191 1851 1225 1904 et
1255 1844 1343 1924 apud
1374 1843 1490 1905 Plutar-

197 1952 304 2027 chum,
330 1953 384 2035 qui
405 1973 511 2037 praec.
537 1952 600 2035 pol.
627 1955 692 2028 814
713 1953 739 2014 B
763 1953 803 2015 de
827 1953 915 2015 lacto
939 1962 1050 2014 nostro
1082 1952 1159 2013 dicit
1192 1951 1254 2016 »cd
1278 1953 1429 2036 ψήφισμα
1452 1951 1492 2016 τὸ

197 2065 256 2148 τῆς
271 2059 466 2148 ἀμνηστίας(
494 2073 527 2125 et
550 2063 637 2126 idem
654 2061 774 2125 factum
793 2063 967 2145 respiciens
984 2063 1049 2129 Cic.
1068 2079 1130 2140 42:
1158 2062 1328 2146 »Κικέρων
1343 2114 1348 2125 .
1366 2114 1371 2124 .
1386 2113 1392 2126 .
1410 2060 1492 2127 ἔπει·

198 2189 232 2236 σε
254 2172 317 2258 τὴν
340 2171 523 2257 σύγκλητον
538 2167 725 2257 Ἀθηναίους
746 2171 965 2258 μιμησαμένην
980 2169 1161 2257 ἀμνηστίαν
1183 2175 1253 2237 τῶν
1277 2170 1330 2236 ἐπὶ
1352 2175 1491 2256 Καίσαρι

197 2285 436 2369 ψηφίσασθαι.
483 2283 591 2365 Saepe
615 2294 729 2366 postea
751 2303 846 2346 sensu
871 2283 1080 2363 generaliore,
1116 2292 1151 2345 ut
1175 2283 1260 2344 idem
1294 2285 1427 2346 omnino
1452 2285 1492 2345 sit

197 2416 235 2457 ac
265 2415 393 2479 poenae
417 2395 572 2469 remissio,
599 2393 759 2456 invenitur
789 2395 876 2477 apud
906 2394 1104 2476 Appianum,
1136 2393 1368 2468 HerodIanum
1400 2394 1487 2456 alios.

197 2505 294 2568 Locis
312 2517 420 2569 autem
444 2504 546 2570 allatis
570 2514 705 2586 apparet
728 2506 815 2587 prius
845 2524 964 2566 nomen
993 2503 1127 2564 cessisse
1155 2505 1275 2566 nomini
1298 2505 1435 2566 breviori
1460 2513 1492 2566 et

197 2614 354 2691 habiliori,
371 2617 459 2698 quod
483 2637 568 2679 nunc
591 2618 695 2680 solum
719 2615 750 2677 in
775 2636 832 2677 usu
856 2624 906 2677 est
928 2615 969 2676 de
992 2612 1045 2676 illo
1063 2612 1310 2677 Atheniensium
1335 2624 1367 2676 et
1376 2614 1490 2702 poste-

197 2726 316 2789 riorum
332 2729 515 2809 nostrisque
540 2728 632 2792 factis
656 2727 820 2800 similibus
845 2745 944 2806 quam
967 2725 1011 2786 ob
1035 2745 1102 2786 rem
1127 2745 1233 2806 neque
1256 2745 1321 2806 ego
1345 2724 1490 2786 dubitavi

197 2834 260 2899 hoc
283 2857 402 2900 nomen
426 2838 515 2901 alteri
539 2838 707 2922 praeferre.
1471 2915 1472 2920 γ

304 2947 418 3032 Neque
442 2961 610 3032 praeterea
633 2957 748 3031 putare
769 2948 844 3010 licet
873 2947 936 3009 hoc
967 2947 1102 3008 verbum
1132 2947 1173 3007 ab
1204 2947 1251 3008 eis
1281 2946 1490 3028 scriptoribus

197 3043 362 3122 inventum
384 3081 463 3135 esse,
481 3062 535 3143 qui
559 3059 654 3142 primi
669 3057 833 3124 exhibent.
880 3057 964 3119 Nam
981 3064 1208 3138 praeterquam
1232 3056 1320 3137 quod
1344 3054 1375 3118 hi
1393 3056 1489 3137 scrip·

197 3173 284 3227 tores
306 3164 411 3230 fontes
435 3167 552 3230 arctius
574 3169 666 3249 sequi
689 3167 801 3241 solent,
833 3187 932 3248 quam
947 3175 983 3227 ut
999 3185 1117 3227 nomen
1141 3165 1227 3247 apud
1251 3186 1307 3229 eos
1324 3167 1489 3228 inventum

196 3283 331 3349 mutent,
364 3277 511 3340 Valerius
549 3278 719 3352 Maximus,
752 3297 825 3339 cum
859 3277 875 3337 l.
892 3277 909 3338 l.
953 3275 1048 3341 dicit:
1086 3275 1185 3336 »haec
1225 3276 1354 3350 oblivio,
1390 3297 1488 3358 quam

195 3383 412 3448 Athenienses
447 3383 627 3472 ἀμνηστίαν
661 3397 809 3461 vocant«,
846 3386 987 3449 ostendit
1020 3385 1107 3468 apud
1134 3386 1328 3448 vetustiores
1362 3406 1396 3448 se
1427 3387 1489 3447 hoc

196 3511 316 3554 nomen
333 3492 491 3555 invenisse
506 3505 539 3556 et
554 3494 694 3560 Athenis
718 3499 871 3560 usitatum
888 3496 1048 3558 habuisse.
1074 3495 1188 3575 Neque
1204 3495 1344 3558 dubitari
1368 3504 1486 3574 potest,

195 3601 272 3683 quin
295 3601 408 3685 Nepos
431 3604 537 3666 verbis
571 3607 761 3671 »oblivionis
794 3609 918 3689 legem«
951 3607 1084 3669 verterit
1114 3605 1216 3668 verba
1249 3605 1306 3670 »cd
1339 3604 1489 3688 ψήφισμα

193 3710 315 3799 τὸτῆς
346 3707 554 3799 ἀμνηστίαςα,
590 3695 784 3781 'Verisimile
814 3721 931 3782 deinde
961 3717 1058 3780 etiam
1097 3725 1146 3780 est
1178 3715 1375 3789 Ciceronem,
1413 3736 1488 3778 cum

194 3823 271 3886 Phil.
297 3825 310 3887 I
339 3842 350 3888 1
377 3826 419 3887 dc
441 3828 598 3890 amnestia
621 3838 698 3910 post
714 3827 860 3892 Caesaris
884 3838 1021 3892 mortem
1047 3828 1179 3890 decreta
1202 3827 1301 3893 dicat:
1336 3825 1488 3889 »Atheni-

195 3935 385 4015 ensiumque
408 3938 560 3999 renovavi
584 3949 676 4000 vetus
701 3940 895 4022 exemplum,
921 3939 1080 4002 Graecum
1105 3941 1202 4001 etiam
1233 3940 1368 4001 verbum
1402 3961 1487 4001 usur-

194 4045 278 4126 pavi,
311 4065 376 4127 quo
406 4054 475 4109 tum
499 4047 531 4109 in
553 4048 703 4110 sedandis
727 4051 894 4113 discordiis
926 4071 981 4112 usa
1005 4058 1073 4112 erat
1091 4049 1204 4112 clvitas
1228 4048 1312 4122 illa«,
1337 4060 1487 4128 spectare

193 4154 338 4230 verbum,
374 4151 582 4241 »durmale«,
608 4178 673 4221 non
704 4159 765 4244 »μὴ
788 4173 1027 4246 μνησικακεϊνα,
1045 4159 1135 4242 'quae
1157 4179 1223 4220 vox
1246 4169 1361 4238 postea
1385 4163 1487 4240 magis

193 4262 332 4328 exolevit
365 4285 471 4349 neque
501 4267 533 4328 in
562 4266 708 4348 linguam
737 4270 887 4334 Latinam
917 4271 1051 4333 transiit.
1109 4269 1347 4349 Quaerentibus
1375 4280 1484 4332 autem

193 4374 296 4448 nobis,
322 4396 364 4440 ex
387 4397 454 4458 quo
478 4386 626 4457 tempore
651 4389 683 4442 et
707 4401 772 4461 quo
797 4391 930 4444 auctore
951 4381 1085 4444 verbum
1113 4375 1311 4463 ›dpvqocla‹
1339 4380 1370 4441 in
1394 4398 1487 4440 usum

190 4485 321 4560 venerit,
345 4485 482 4548 fortasse
512 4488 584 4550 licet
613 4490 654 4552 ad
686 4510 742 4552 eos
772 4491 944 4571 scriptores
973 4490 1132 4564 recedere,
1167 4509 1185 4550 e
1219 4490 1336 4570 quibus
1369 4508 1483 4550 omnes
