3402 5172
830 336 871 398 43

749 410 961 420 —-.—-.-..—.—.-.

16 535 33 586 :t
207 550 270 594 ram
295 533 374 593 vidit
396 531 617 611 Wyttenbach
649 541 682 594 et
705 531 1039 615 post'Schneiderum
1069 533 1135 597 iere
1166 512 1506 616 omnes-interpretes

203 652 239 704 et
261 643 402 704 editores
426 643 618 706 concedunt.
664 643 739 706 Nou
761 643 848 706 enim
880 643 1089 726 intellegitur,
1119 661 1188 726 'quo
1211 644 1312 706 uerba
1339 620 1503 728 ›ot'oma-

190 753 315 836 ¹rqyoi«
352 751 520 814 referenda
549 753 621 815 sint.
670 753 945 835 Intellegebantur
976 755 1052 817 olim
1081 754 1262 817 subiectum
1294 755 1393 817 verbi*
1414 755 1506 821 κατέ-

182 867 318 947 ιβησαν,
342 883 439 944 quam
457 864 756 946 interpretationem
774 875 904 926 secutus
921 865 1061 928 Scheibe
1083 865 1100 927 l.
1115 865 1134 928 l.
1153 887 1184 948 p.
1207 879 1278 944 135,
1303 885 1503 949 quamquam

203 994 270 1036 non
303 973 442 1036 dilucide
474 975 626 1056 exponit,
658 975 736 1055 quid
767 976 898 1048 sentiat,
935 976 1052 1036 docere
1085 976 1212 1038 videtur
1242 976 1340 1038 duces
1364 977 1451 1040 solos
1474 978 1506 1039 ln

203 1097 310 1146 arcem
341 1085 533 1157 ascendisse,
566 1085 724 1167 populum
758 1087 868 1149 statim
892 1099 967 1150 c'um
989 1086 1091 1148 tribus
1114 1085 1173 1148 iIIIs
1197 1086 1325 1149 milibus
1350 1088 1381 1149 iu
1399 1088 1507 1170 Pycna

203 1195 406 1257 convenisse.
453 1195 520 1260 Sed
544 1195 644 1257 verba
671 1193 719 1261 »ol
750 1192 777 1260 δ’
799 1195 835 1260 ἐκ
864 1205 924 1260 τοῦ
947 1199 1108 1281 Πειραιῶς
1130 1194 1331 1274 ἀνελθόντες
1355 1199 1416 1262 σὺν
1438 1211 1508 1274 τοῖς

140 1287 142 1329 ⁵
203 1300 319 1380 ὅπλοις
342 1308 438 1388 (quae
461 1316 535 1367 sunt
556 1326 654 1380 arma,
673 1327 747 1380 non,
772 1316 807 1369 ut
823 1307 963 1370 Scheibe
979 1327 1151 1390 perperam
1176 1307 1281 1382 docet,
1304 1305 1373 1392 ἱερὰ
1396 1309 1502 1394 σκεύη,

203 1415 243 1481 cf.
268 1416 399 1496 Lysiam
430 1415 504 1477 XIII
537 1419 573 1478 81
611 1427 644 1478 et
672 1438 755 1499 quae
788 1417 995 1498 Frohberger
1023 1418 1066 1480 ad
1094 1417 1180 1484 huuc
1202 1417 1310 1480 locum
1335 1418 1376 1482 de
1398 1420 1504 1482 verbis

119 1507 128 1562 ³*
202 1505 322 1591 tusum
344 1523 387 1590 rol
411 1521 516 1590 ὅπλα(
533 1529 680 1609 annotat)
704 1527 749 1603 εἰς
764 1527 826 1611 τὴν
843 1525 1043 1611 ἀκρόπολινι
1063 1529 1141 1591 satis
1158 1530 1376 1610 comprobant
1391 1549 1506 1593 omnes

102 1701 108 1727 ἰ
203 1637 331 1700 exsules
356 1639 387 1699 in
411 1657 517 1698 arcem
542 1639 740 1712 ascendisse,
766 1661 849 1721 quos
873 1639 990 1700 deinde
1013 1640 1044 1701 in
1068 1639 1223 1702 contione
1247 1639 1377 1703 affuisse
1399 1641 1505 1704 elucet

204 1770 222 1810 e
246 1748 439 1830 Thrasybuli
463 1749 570 1810 verbis
595 1751 626 1833 (ᾗ
645 1751 717 1834 42):
757 1746 815 1814 »oti
838 1749 948 1832 μέντῠι
973 1771 1008 1832 γε
1031 1743 1131 1832 imag«
1159 1759 1230 1823 etc,
1256 1749 1373 1832 quibus
1396 1751 1504 1834 appel·

90 1835 95 1861 ’
202 1859 319 1921 lantur.
368 1858 521 1939 Sequitur
550 1860 665 1940 igitur,
691 1870 727 1923 ut
758 1869 847 1922 recte
869 1859 997 1922 Curtius
1021 1859 1039 1925 l.
1065 1859 1082 1922 l.
1109 1860 1152 1922 Ill
1174 1882 1205 1942 p.
1229 1879 1272 1938 40
1295 1862 1446 1942 exponit,
1470 1872 1505 1924 ut

203 1968 331 2032 exsules
355 1971 469 2030 omnes
492 1990 566 2050 cum
591 1971 728 2032 ducibus
752 1971 979 2032 descenderint
1001 1970 1033 2032 in
1057 1971 1166 2052 Pycna
1189 1971 1229 2032 ad
1253 1971 1405 2049 urbanos,
1429 1991 1503 2034 nam

204 2081 302 2142 etiam
334 2079 395 2142 hos
429 2080 461 2141 in
492 2100 564 2142 arce
597 2081 711 2155 fuisse,
747 2090 782 2144 ut
805 2081 1020 2144 Breitenbach
1051 2083 1092 2143 ad
1117 2083 1203 2144 hunc
1225 2081 1332 2144 locum
1358 2091 1501 2156 annotat,

203 2211 310 2272 neque
341 2191 494 2253 traditum
529 2201 577 2252 est
610 2213 715 2274 neque
750 2191 930 2253 verisimile.
978 2191 1106 2272 Quibus
1136 2193 1177 2255 de
1202 2193 1306 2256 causis
1328 2193 1428 2257 verba
1455 2191 1503 2258 »οἱ

204 2301 378 2385 στρατηγοί
384 2326 396 2358 ι
423 2302 464 2362 ad
491 2301 711 2386 »κατέβησανι
735 2302 819 2365 trahi
837 2323 902 2365 non
918 2312 1064 2384 possunt,
1083 2323 1188 2385 neque
1203 2323 1277 2365 cum
1294 2304 1503 2386 sequentibus

202 2420 339 2493 possunt
370 2413 531 2493 coniungi
580 2413 692 2494 ltaque
724 2413 814 2496 quia,
843 2434 901 2476 cur
932 2413 1128 2496 interpolata
1160 2434 1199 2476 ea
1222 2413 1410 2489 habeamus
1435 2435 1502 2478 non

208 2523 365 2584 invenitur
393 2541 508 2595 causa,
539 2524 674 2585 verbum
697 2545 770 2586 cum
800 2525 845 2586 eis
875 2524 1138 2605 coniungendum
1169 2526 1327 2589 excidisse
1361 2536 1500 2609 oportet.

205 2631 296 2712 Quae
319 2633 433 2696 lacuna
456 2633 581 2714 optime
605 2635 753 2716 expletur
777 2633 893 2697 Cobeti
923 2636 1119 2710 coniectura,
1154 2655 1250 2718 quam
1273 2636 1360 2698 Kurz
1394 2639 1501 2701 etalii

201 2745 439 2826 probaverunt:
468 2743 555 2808 »ἐπεὶ
578 2743 611 2808 δὲ
634 2743 826 2829 κατέβησαν,
852 2743 1038 2830 [ἐκκλησίαν
1057 2745 1220 2831 ἐποίησαν]
1245 2745 1275 2811 oi
1294 2752 1501 2834 στρατηγοῖς

201 2854 275 2935 Qua
295 2854 434 2917 lectione
451 2875 564 2916 omues
588 2854 791 2918 difficultates
814 2855 978 2929 tolluntur,
1003 2866 1035 2918 et
1058 2857 1134 2938 quia
1148 2858 1248 2920 verba
1265 2858 1446 2944 κατέβησαν
1469 2873 1503 2928 et

200 2963 355 3050 ἐποίησαν
383 2966 413 3029 in
444 2966 575 3027 easdem
596 2966 717 3028 litteras
739 2966 902 3040 excidunt,
924 2965 1014 3029 facile
1031 2967 1157 3029 librario
1175 2969 1364 3050 contingere
1382 2974 1499 3052 potuit,

202 3086 236 3139 ut
261 3076 303 3138 ab
327 3078 430 3140 altero
454 3077 496 3138 ad
520 3077 655 3138 alterum
677 3077 849 3138 aberraret.
952 3123 954 3130 ,

308 3187 356 3250 Ne
382 3189 451 3269 ipse
475 3188 591 3274 eadem
614 3187 747 3261 ratione,
773 3208 871 3268 quam
895 3187 1061 3270 impugno,
1085 3188 1147 3251 hoc
1177 3189 1251 3252 loco
1275 3192 1321 3254 uti
1346 3193 1498 3275 cuiquam

201 3297 322 3370 videar,
349 3299 548 3360 monendum
581 3297 658 3359 mihi
690 3308 740 3361 est
771 3297 964 3361 Grosserum
989 3299 1041 3360 hic
1073 3299 1153 3362 duas
1184 3301 1327 3364 rationes
1356 3303 1499 3367 diversas

201 3406 392 3470 confudisse.
441 3408 561 3471 Multas
586 3409 746 3472 invenisse
762 3409 823 3471 sibi
847 3409 974 3471 videtur
997 3429 1047 3472 res
1063 3430 1082 3471 a
1097 3411 1318 3493 Xenophonte
1341 3423 1496 3503 narratas„

201 3519 338 3580 omissas
365 3517 406 3578 ab
424 3520 648 3600 epitomatore,
673 3519 732 3582 sed
754 3519 812 3582 has
837 3539 950 3581 omnes
973 3521 1032 3582 nisi
1058 3521 1103 3582 eis
1128 3520 1233 3594 rebus,
1259 3543 1344 3603 quae
1374 3542 1497 3586 narran-

201 3607 260 3712 tur,
285 3630 482 3710 comparatis
507 3630 650 3692 invenire
674 3650 739 3691 non
763 3638 882 3711 potest.
928 3630 1002 3692 Hoc
1025 3639 1135 3692 autem
1159 3630 1243 3704 loco,
1274 3633 1300 3693 sl
1330 3633 1401 3714 ipsa
1430 3655 1497 3697 ver-

200 3738 317 3799 borum
341 3748 500 3802 structura
525 3740 637 3801 lacuna
661 3739 833 3802 manifesta
857 3748 914 3814 est,
952 3741 1150 3822 epitomator
1186 3760 1258 3804 eam
1294 3761 1360 3805 non
1395 3745 1494 3806 admi-

202 3850 253 3922 sit,
280 3849 403 3934 quippe
427 3851 482 3934 qui
506 3869 572 3910 non
603 3851 708 3911 minus
738 3869 837 3930 quam
860 3860 973 3913 auctor
997 3852 1066 3933 ipse
1089 3869 1217 3933 semper
1232 3852 1363 3915 studeat
1386 3854 1498 3936 plenas

201 3970 235 4022 et
265 3969 370 4022 rectas
399 3956 575 4022 sententias
604 3979 810 4041 componere.
866 3960 1008 4044 Oportet
1042 3961 1140 4042 igitur
1169 3962 1276 4043 ipsum
1304 3961 1496 4029 Grosserum

200 4080 343 4133 statuere
376 4091 417 4132 ex
451 4071 595 4150 epitome
625 4070 698 4149 Ipsa
727 4071 879 4133 nonnulla
907 4072 1008 4134 verba
1037 4071 1206 4145 excidisse,
1238 4071 1354 4135 infelici
1386 4085 1495 4138 autem

201 4203 280 4244 casu
304 4190 407 4244 totam
425 4183 603 4245 amnestiae
620 4182 769 4244 decretae
786 4183 1002 4246 narrationem
1018 4183 1176 4246 excidisse
1199 4183 1348 4263 profecto
1369 4203 1412 4248 ne
1428 4187 1497 4269 ipse

201 4292 333 4376 quidem
365 4294 550 4368 contendet,
583 4293 774 4375 praesertim
798 4313 872 4356 cum
895 4293 926 4354 in
948 4295 968 4373 ξ
992 4312 1045 4372 43,
1072 4293 1127 4354 ubi
1150 4313 1226 4356 vera
1247 4296 1495 4359 amnestia-nar·

201 4412 297 4476 ratur,
323 4400 409 4464 nullo
434 4403 572 4486 vestigio
595 4404 754 4469 indicetur
777 4422 850 4468 eam
873 4424 938 4470 non
961 4423 1032 4473 esse
1056 4403 1117 4474 nisi
1138 4405 1253 4494 prioris
1269 4406 1495 4496 repeti-tionem

200 4522 233 4579 et
256 4513 451 4580 auctionem.
