3402 5172
716 275 867 382 ,23

192 519 445 606 Xenophontem
485 519 593 583 vocari
625 518 810 606 »alienoris
832 520 1107 604 Λακεδαιμονίους
1131 503 1306 596 ducendae«,
1341 519 1422 585 haec
1451 520 1491 586 de

194 633 358 694 amnestia.
421 631 545 693 Eadem
585 631 722 694 dicenda
763 640 837 693 sunt
868 633 909 694 de
943 632 1044 693 altero
1070 630 1153 704 loco,
1177 631 1253 712 Lys
1280 632 1324 694 VI
1349 635 1488 712 38-40,

193 762 257 825 quo
292 750 503 824 opponuntur
540 737 591 804 »ui
624 740 707 826 πρὸς
737 740 1011 824 Λακεδαιμονίους
1044 743 1226 826 συνθῆκαι(
1263 753 1296 806 et
1318 763 1386 815 eae,
1412 764 1491 826 quas

196 851 297 935 »πρὸς
320 849 399 925 τοὺς
421 848 456 914 ἐν
479 842 566 914 ἄστει
596 849 625 915 οἱ
656 849 692 914 ὲκ
724 855 901 935 Πειραιῶς(
935 852 1086 914 fecerunt.
1135 851 1249 935 Neque
1281 871 1365 915 nunc
1403 852 1489 927 latet,

192 962 359 1045 quomodo
382 961 503 1024 sactum
526 963 574 1036 sit,
600 975 634 1026 ut
657 964 767 1046 Nepos
788 964 896 1042 legem
920 961 1090 1023 oblivionis
1112 961 1210 1044 latam
1234 981 1304 1026 esse
1337 972 1486 1024 narraret.
1511 1027 1513 1040 ,

191 1071 276 1152 Quia
306 1071 522 1134 Athenienses
558 1074 878 1136 constituerunt
901 1071 989 1154 pacis
1020 1071 1228 1133 condiciones
1260 1073 1425 1151 augendas
1460 1081 1491 1134 et

191 1183 299 1243 denuo
321 1182 528 1245 iureiurando
560 1183 750 1245 sanciendas
774 1203 855 1256 esse,
881 1191 968 1244 recte
997 1181 1112 1262 Lysias
1135 1179 1241 1243 XVIII
1270 1195 1305 1261 15
1330 1182 1425 1244 dicit:
1453 1174 1492 1246 »ii

191 1285 301 1364 αὐτοῖς
332 1287 621 1374 ἐψηφίσασθε(
649 1303 680 1355 et
703 1293 880 1372 Dionysius
905 1312 972 1372 arg.
998 1292 1039 1352 ad
1063 1291 1139 1370 Lys.
1165 1311 1210 1380 or.
1230 1289 1385 1357 XXXIV:
1413 1294 1491 1356 »τοῦ

190 1398 291 1483 δῆμον
315 1400 612 1484 ψηφισαμένου
635 1401 851 1466 διαλύσασθαι
882 1397 965 1484 πρὸς
988 1399 1066 1474 τοὺς
1089 1397 1124 1464 ἐν
1147 1392 1235 1464 ἄστει
1269 1401 1323 1464 καὶ
1356 1399 1492 1486 μηδενὸς

188 1521 258 1574 τῶν
292 1507 514 1594 γεγενημένων
555 1524 799 1596 μνησικακεῑνι,
835 1511 1024 1574 scholiastes
1065 1510 1106 1572 ad
1144 1510 1241 1573 Arist.
1276 1510 1355 1578 Plut.
1391 1513 1489 1590 1146:

194 1617 934 1706 »ψηφίσασθαιἐ’δσξεμημνησικακῆσαιι.
984 1620 1057 1682 Hoc
1073 1628 1182 1682 autem
1200 1621 1302 1684 verbo
1326 1622 1377 1683 alii
1393 1623 1490 1704 scrip·
1571 1709 1575 1718 ¹
1673 1661 1674 1712 3

191 1740 277 1792 tores
312 1733 375 1792 iam
406 1731 528 1796 laudati
561 1742 592 1792 et
615 1732 644 1792 ei
668 1751 780 1794 omnes
804 1732 985 1813 scriptores,
1010 1730 1064 1814 qui
1090 1730 1196 1792 obiter
1215 1729 1309 1792 huius
1332 1732 1378 1794 rei
1402 1752 1487 1796 men-

189 1841 314 1902 tionem
350 1839 477 1915 iaciant,
515 1841 645 1903 adducti
669 1851 760 1914 sunt,
799 1850 834 1904 ut
868 1842 1032 1913 docerent,
1070 1839 1291 1921 plebiscitum,
1327 1841 1489 1924 ψήφισμα,

191 1951 311 2013 Iactum
334 1971 413 2024 esse,
439 1952 537 2035 quod,
570 1953 597 2013 si
628 1953 815 2031 angustiore
837 1952 931 2017 huius
957 1951 1048 2012 verbi
1071 1969 1165 2010 sensu
1190 1948 1400 2031 intellegitur,
1425 1973 1489 2015 non

192 2060 286 2141 plane
310 2068 397 2122 recte
422 2061 547 2127 dicitur.
594 2060 637 2123 Et
683 2061 745 2124 hoc
767 2061 903 2124 verbum
920 2063 984 2124 iam
1007 2060 1146 2124 vidimus
1169 2059 1332 2139 Nepotem
1356 2063 1490 2126 vertisse

191 2172 293 2232 verbo
321 2169 423 2231 »lexa

295 2283 315 2360 ᾖ
342 2283 370 2341 8.
404 2281 621 2342 Notissimum
636 2279 734 2364 hodie
747 2291 796 2342 est
809 2282 945 2343 verbum
961 2281 1157 2344 ›amnestia‹
1174 2290 1271 2364 atque
1283 2283 1350 2343 v'ox
1364 2278 1488 2340 sollem-

190 2391 248 2464 nis,
274 2409 349 2451 cum
374 2391 597 2451 condemnatis
620 2399 675 2452 aut
693 2391 947 2453 condemnandis
972 2390 1080 2452 multis
1104 2390 1233 2472 publice
1256 2390 1352 2452 venia
1376 2408 1487 2450 conce-

190 2501 275 2561 ditur
299 2519 478 2583 eorumque
494 2499 610 2562 delleta
623 2501 777 2563 oblivioni
803 2503 929 2571 dantur,
965 2501 982 2561 i.
1000 2521 1025 2561 e.
1049 2520 1132 2573 cum,
1156 2510 1382 2583 praeterquam
1400 2499 1488 2581 quod

189 2609 287 2671 hodie
312 2618 360 2670 est
383 2609 576 2672 beneficium
601 2611 753 2693 principis
778 2621 832 2675 aut
856 2630 978 2678 eorum,
996 2610 1051 2694 qui
1069 2609 1137 2671 eius
1156 2609 1229 2674 loco
1254 2609 1487 2688 rempublicam

189 2713 425 2793 administrant,
450 2728 519 2784 tum
543 2720 583 2781 ab
609 2721 769 2795 omnibus
803 2732 835 2784 et
866 2722 920 2794 eis,
955 2722 1010 2804 qui
1041 2720 1171 2782 iniurias
1202 2720 1290 2798 passi
1322 2728 1421 2792 erant,
1457 2728 1488 2780 et

190 2829 245 2909 qui
269 2831 509 2902 commiserant,
534 2831 699 2892 decretum
725 2841 781 2902 est,
808 2833 894 2893 idem
914 2830 958 2904 ht,
985 2831 1076 2912 quod
1110 2830 1246 2892 Athenis
1270 2838 1340 2891 turn
1364 2828 1487 2890 factum

190 2949 249 3012 est,
276 2949 309 3001 et
333 2951 420 3004 recte
444 2943 490 3002 sic
519 2941 697 3014 adhibetur,
730 2943 844 3004 eadem
873 2943 959 3004 enim
991 2942 1152 3002 sententia
1182 2941 1254 3003 voci
1289 2935 1487 3022 »αμνηστίαι

190 3050 258 3111 sive
284 3053 479 3120 ›amnestia‹
507 3052 594 3134 apud
618 3053 768 3134 antiquos
792 3053 856 3114 iam
885 3061 941 3113 est.
990 3050 1205 3113 Nihilominus
1237 3050 1386 3111 omnibus
1410 3049 1488 3110 locis

190 3158 294 3223 adhuc
317 3181 335 3221 a
361 3161 537 3242 meallatis
570 3182 634 3224 uno
658 3171 797 3244 excepto
821 3161 903 3224 hanc
927 3181 1042 3223 vocem
1078 3180 1143 3222 non
1175 3161 1354 3221 invenimus
1385 3179 1490 3242 neque

191 3271 323 3331 omnino
355 3271 442 3351 apud
472 3272 646 3354 scriptores
675 3271 817 3335 Graecos
849 3273 1010 3344 classicos,
1042 3271 1097 3352 qui
1127 3279 1294 3342 vocantur,
1332 3270 1490 3333 invenitur

189 3380 256 3440 sive
280 3380 405 3442 dehoc
430 3380 514 3444 Iacto
538 3382 607 3443 sive
629 3383 670 3444 de
692 3382 755 3444 alio
779 3384 871 3444 simili
896 3390 1061 3463 usurpata.
1110 3380 1174 3460 Qui
1199 3399 1322 3454 omneS,
1355 3381 1379 3440 si
1404 3379 1487 3446 hanc

191 3511 257 3552 rem
279 3499 429 3552 accurate
453 3492 567 3554 volunt
590 3492 778 3571 significare,
804 3492 959 3556 adhibent
982 3493 1083 3552 verba
1111 3489 1171 3573 »μὴ
1193 3501 1440 3574 μνησικακεῑνι,
1457 3499 1492 3552 ut

190 3600 375 3682 Xenophon
397 3600 415 3661 l.
429 3601 466 3666 l.:
495 3597 691 3686 »ὀμόσαντες
715 3596 833 3686 ὅρκους
856 3597 875 3687 ἦ
897 3601 961 3686 μὴν
984 3600 1029 3684 μὴ
1045 3600 1331 3683 μνησικακήσεινι,
1348 3599 1489 3662 Andoci-

191 3711 249 3773 des
264 3711 278 3771 l
296 3713 352 3776 81:
380 3711 452 3774 »καὶ
469 3707 556 3794 ἔδοξε
571 3711 614 3796 μὴ
628 3726 840 3798 μνησικακεῖν
856 3709 1009 3795 ἀλλήλοις
1032 3717 1100 3773 τῶν
1122 3690 1373 3792 γεγενημένων-ι,
1399 3711 1485 3771 idem

191 3821 279 3900 190:
309 3816 454 3904 »ὤμνυτε
469 3821 512 3905 μὴ
526 3823 809 3906 μνησικακήσεινι,
835 3824 956 3885 ibidem
972 3824 1003 3884 in
1027 3821 1228 3887 iuramentis:
1257 3812 1314 3884 {oo
1336 3826 1485 3905 μνησικα-

191 3930 313 4012 κήσωι,
340 3931 520 3994 Aeschines
537 3932 564 3994 ll
594 3935 668 4013 176:
698 3932 755 3996 »τὸ
777 3933 821 4018 μὴ
843 3945 1052 4018 μνησικακεῖν
1075 3929 1159 4015 πρὸς
1182 3927 1376 4014 ἀλλήλουςι,
1403 3931 1490 3992 idem

192 4038 234 4099 Ill
260 4043 322 4102 208
349 4042 409 4126 »μὴ
431 4056 671 4127 μνησικακεῑνι,
698 4044 874 4125 Dionysius
896 4063 963 4123 arg.
989 4044 1038 4105 ad.
1064 4043 1139 4124 Lys.
1165 4063 1211 4107 or.
1229 4041 1389 4124 XXXIV:
1419 4065 1492 4126 »μη-

192 4147 283 4222 δενὸς
306 4158 374 4214 τῶν
398 4153 621 4238 γεγενημένων
642 4167 883 4238 μνησικακεῑνι,
907 4153 1097 4216 scholiastes
1122 4153 1209 4232 prior
1229 4153 1270 4214 ad
1287 4153 1384 4214 Arist.
1411 4152 1490 4216 Plut.

197 4260 298 4335 1146:
326 4264 553 4344 »ψηφίσασθαι
566 4261 652 4347 ἔδοξε
673 4264 717 4348 μὴ
732 4268 986 4349 μνησικακῆσαιι
1003 4273 1036 4326 et
1052 4264 1131 4326 alter
1146 4239 1188 4324 ad
1205 4262 1344 4325 eundem
1360 4263 1489 4329 locum:

196 4369 367 4454 »ψήφισμα
389 4368 506 4437 ἐ’θεντσ
529 4371 692 4458 ἀλλήλους
714 4375 758 4458 μὴ
779 4387 1020 4460 μνησικακεῐνι,
1046 4373 1178 4436 Cassius
1203 4372 1268 4434 Dio
1302 4372 1407 4435 XLIV
1433 4374 1490 4438 26:

196 4480 294 4564 »μήτε
308 4483 559 4565 μνησικακήσειν
580 4486 675 4548 τινὶι.
703 4485 783 4547 Aliis
801 4487 900 4547 etiam
916 4484 1003 4558 loci3,
1019 4483 1136 4565 quibus
1157 4485 1315 4545 amnestia
1328 4492 1493 4563 spectatur
