3402 5172
835 300 872 344 12

740 377 949 385 ——-—-——

194 497 281 562 hunc
304 499 411 562 locum
435 517 505 560 esse
527 497 782 579 intellegendum
804 497 883 560 infra
907 498 938 578 (ξ
967 500 1017 580 15)
1039 495 1230 562 videbimus.
1278 499 1312 558 In
1338 519 1402 579 qua
1418 519 1490 562 con·

194 609 285 672 tione
314 607 537 690 Thrasybulus
568 607 683 673 habuit
716 609 907 682 orationem,
934 627 1034 687 quam
1067 606 1253 686 Xenophon
1293 629 1358 672 non
1387 618 1493 672 totam

195 718 390 781 verbotenus
413 718 508 780 nobis
531 717 673 791 tradidit,
699 737 763 798 qua
786 719 927 798 primum
958 718 999 778 ad
1025 718 1175 790 urbanos
1200 716 1276 792 τοὺς
1306 717 1340 802 ἐξ
1370 715 1494 798 ἄστεος,

193 848 228 890 se
253 829 422 902 convertit,
449 848 531 908 quos
554 828 662 890 verbis
684 829 900 890 acerbissimis
923 827 965 890 ad
989 829 1184 890 modestiam
1208 839 1350 900 revocat,
1376 831 1493 894 deinde

193 939 236 1000 ad
272 937 400 1000 exsules
436 959 590 1012 reversos,
624 936 700 1014 τοὺς
736 936 772 1002 ἐκ
802 941 862 1002 τοῦ
893 941 1070 1021 Πειραιῶς,
1109 958 1191 1019 quos
1227 939 1428 1018 adhortatur,
1459 951 1495 1004 ut

195 1069 313 1129 pacem
336 1057 475 1115 servent.
524 1048 651 1130 Quibus
675 1048 767 1112 sactis
800 1050 873 1110 novi
905 1050 1115 1129 magistratus
1145 1050 1244 1112 creati
1275 1059 1351 1112 sunt
1384 1060 1416 1114 et
1445 1073 1494 1114 res

195 1157 336 1238 publica,
363 1158 464 1237 qualis
487 1168 562 1221 ante
585 1159 801 1240 trigintaviros
826 1161 989 1221 institutos
1015 1157 1127 1233 fuerat,
1154 1169 1314 1239 quatenus
1337 1163 1493 1235 iamtum,

195 1287 269 1330 cum
293 1287 430 1346 magnus
455 1269 571 1330 civium
596 1289 747 1332 numerus
771 1269 921 1331 Eleusine
938 1277 1016 1339 erat,
1034 1269 1100 1330 fieri
1124 1271 1239 1349 potuit,
1266 1273 1414 1334 restituta
1433 1282 1491 1338 est.

301 1419 485 1483 Posteriore
508 1432 616 1484 autem
640 1431 797 1502 tempore,
824 1423 976 1512 quamdiu
1007 1430 1083 1502 post
1112 1422 1232 1484 factum
1256 1425 1306 1496 sit,
1339 1445 1356 1484 e
1388 1424 1495 1486 verbis

199 1524 343 1614 »ὑστέρῳ
367 1530 399 1594 δὲ
421 1533 551 1616 χρόνῳ(
579 1533 687 1614 colligi
711 1553 775 1596 non
800 1542 918 1615 potest,
944 1533 1001 1594 sed
1026 1553 1067 1594 ex
1092 1531 1146 1606 eis,
1171 1553 1255 1612 quae
1278 1533 1328 1595 alii
1353 1534 1492 1606 tradunt,

193 1640 274 1702 infra
318 1643 349 1724 (ξ
380 1643 415 1723 4)
455 1642 631 1723 colligetur,
674 1643 889 1706 Athenienses
926 1643 1117 1705 audiverunt
1150 1663 1216 1714 eos,
1254 1643 1307 1722 qui
1342 1644 1496 1706 Eleusina

193 1752 309 1814 urbem
330 1752 493 1825 tenebant,
518 1751 536 1814 i.
552 1772 579 1820 e,
612 1753 831 1834 trigintaviros
855 1773 930 1814 cum
953 1752 1065 1814 amicis
1088 1754 1163 1825 suis,
1188 1755 1403 1817 mercenarios
1420 1776 1493 1817 con-

196 1861 372 1929 ducerent
388 1862 509 1923 civibus
525 1864 627 1925 modo
644 1862 856 1925 reconciliatis
881 1863 1001 1925 bellum
1019 1861 1180 1936 inferrent,
1206 1883 1309 1941 eaque
1334 1865 1374 1925 de
1399 1884 1495 1926 causa

195 1971 301 2033 cuncti
326 1971 569 2053 expeditionem
593 1979 705 2032 contra
729 1991 785 2032 eos
808 1969 961 2032 fecerunt.
1009 1973 1124 2052 Neque
1156 1993 1234 2035 vero
1263 1975 1294 2035 vi
1326 1995 1382 2035 eos
1414 1975 1494 2037 vice·

195 2090 269 2142 runt
296 2089 394 2160 atque
426 2081 539 2143 urbem
574 2089 741 2160 ceperunt,
772 2081 830 2143 sed
868 2101 925 2162 per
960 2080 1106 2145 fraudem
1137 2084 1366 2163 turpissimam,
1403 2087 1493 2148 cuins

195 2189 414 2253 Athenienses
444 2191 533 2270 ipsos
563 2201 679 2270 postea
708 2191 907 2270 poenituisse
941 2212 982 2253 ex
1011 2213 1050 2254 eo
1082 2195 1256 2258 concludat
1296 2197 1377 2276 quiS,
1405 2197 1493 2276 quod

195 2301 355 2362 rarissime
378 2301 445 2364 eius
469 2303 591 2363 mentio
615 2300 700 2364 facta
724 2311 782 2366 est.
830 2301 938 2363 Duces
961 2302 1047 2363 enim
1077 2324 1191 2366 eorum
1222 2305 1263 2367 ad
1296 2305 1494 2385 colloquium

196 2409 319 2472 elicitos
344 2409 578 2474 interfecerunt.
626 2411 753 2491 Quibus
783 2411 958 2473 interfectis
989 2413 1103 2475 ceteris
1135 2434 1194 2494 per
1224 2415 1347 2477 amicos
1381 2437 1495 2478 eorum

197 2530 229 2583 et
252 2529 410 2602 cognatos
432 2521 475 2582 ad
499 2541 556 2583 eos
580 2522 696 2584 missos
720 2531 959 2600 persuaserunt,
993 2532 1028 2585 ut
1051 2544 1126 2586 cum
1160 2525 1284 2587 civibus
1313 2527 1378 2588 suis
1411 2528 1492 2606 prio-

196 2631 283 2693 ribus
306 2631 337 2691 in
360 2631 497 2712 gratiam
521 2632 662 2694 redirent
695 2642 728 2694 et
759 2633 790 2694 in
827 2634 942 2694 urbem
974 2645 1217 2697 reverterentur.
1266 2635 1342 2716 Quo
1378 2647 1493 2700 autem
1559 2651 1563 2662 ·

198 2735 300 2821 magis
325 2749 431 2802 metus
455 2749 488 2803 et
504 2740 549 2802 eis
568 2750 600 2803 et
616 2741 693 2815 aliis,
712 2742 830 2822 quibus
859 2743 978 2822 aliquid
999 2746 1210 2806 metuendum
1229 2755 1305 2818 erat,
1331 2747 1498 2810 tolleretur

197 2858 230 2911 et
259 2850 434 2912 concordia
468 2850 550 2940 inter
579 2871 693 2913 omnes
723 2852 809 2913 cives
839 2851 903 2913 hoc
936 2855 1035 2916 modo
1076 2855 1299 2917 reconciliatos
1340 2867 1494 2930 maneret,

197 2961 307 3021 omnia
330 2961 457 3050 deli-cta,
491 2980 574 3040 quae
606 2961 736 3023 civitate
764 2961 955 3040 perturbata
984 2963 1159 3025 commissa
1191 2975 1309 3037 essent,
1342 2967 1495 3029 oblivioni

197 3069 306 3131 danda
336 3090 407 3131 esse
438 3071 622 3132 iuraverunt
650 3070 711 3144 vel,
745 3079 780 3132 ut
812 3071 942 3133 brevius
973 3073 1087 3146 dicam,
1113 3074 1270 3135 amnestia
1293 3075 1424 3139 decreta
1448 3087 1497 3140 est

197 3187 230 3240 et
253 3179 307 3240 diu
332 3189 467 3241 servata.

303 3309 395 3371 Haec
417 3319 491 3372 sunt
515 3331 565 3372 res
590 3331 630 3373 eo
654 3321 801 3394 tempore
824 3322 945 3393 gestae,
972 3333 1111 3393 quarum
1136 3316 1220 3378 duae
1243 3317 1400 3396 imprimis
1417 3329 1493 3381 sunt

198 3419 359 3481 notandae
384 3428 416 3481 et
440 3421 618 3482 memoriae
632 3419 829 3502 infigendae:
848 3443 913 3504 pax
936 3424 1094 3486 Pausania
1117 3435 1249 3487 auctore
1266 3427 1348 3488 inter
1368 3429 1495 3490 exsules

197 3537 229 3590 et
254 3529 395 3590 urbanos
421 3528 505 3591 lacta
530 3539 562 3592 et
585 3529 742 3594 amnestia
764 3531 915 3594 Eleusine
940 3544 1131 3613 recuperata
1152 3536 1194 3597 ab
1221 3537 1372 3598 omnibus
1396 3537 1494 3598 Athe-

198 3637 363 3700 niensibus
388 3639 600 3702 reconciliatis
624 3641 828 3704 iureiurando
852 3652 975 3704 sancta.

307 3791 327 3869 §
351 3807 379 3869 3.
435 3789 582 3870 Quarum
613 3813 718 3854 rerum
753 3794 888 3857 alteram
921 3805 1043 3869 narrat,
1077 3797 1211 3860 alteram
1244 3797 1338 3876 plane
1371 3799 1493 3860 omittit

196 3899 419 3973 Diodorou,
446 3901 498 3980 qui
522 3902 562 3963 de
587 3901 635 3964 his
659 3904 755 3965 rebus
778 3904 830 3967 lib.
854 3905 933 3968 XIV
955 3926 1025 3985 cap.
1052 3922 1090 3985 33
1118 3911 1138 3987 ξ
1160 3908 1181 3968 6
1206 3908 1393 3970 brevissime
1418 3909 1495 3972 dicit

196 4006 312 4071 haece:
341 4011 550 4083 »Παυσανίας
564 4061 660 4077 .....
675 4008 822 4096 ἀνέζευξε
843 4012 924 4096 μετὰ
944 4016 1113 4098 δυνάμεως
1137 4020 1261 4102 πολλῆς
1284 4019 1339 4080 καὶ
1355 4041 1495 4103 παραγε-

195 4119 308 4202 νηθεὶς
330 4117 375 4193 εἰς
396 4115 535 4204 Ἀθήνας
558 4117 706 4206 διήλλαξε
736 4122 812 4199 τοὺς
841 4123 878 4188 ἐν
909 4129 950 4208 τῇ
981 4123 1076 4190 πόλει
1110 4123 1194 4208 πρὸς
1227 4126 1305 4202 τοὺς
1338 4125 1492 4212 φυγάδας.

194 4223 306 4312 διόπερ
321 4223 481 4312 Ἀθηναῖοι
503 4230 561 4312 μὲν
577 4229 768 4314 ἐκομίσαντο
783 4233 845 4320 τὴν
861 4237 1011 4319 κατρίδα,
1028 4238 1082 4300 καὶ
1106 4235 1145 4300 τὸ
1170 4235 1287 4301 λοιπὸν
1302 4253 1371 4315 τοῖς
1396 4240 1487 4315 ἰδίοις

195 4333 306 4421 νόμοις
317 4334 556 4418 ἐπολιτεύοντο,
572 4353 641 4416 τοῖς
657 4339 942 4428 ὀέὐλαβοομένοις,
958 4347 1046 4430 μήτι
1059 4342 1194 4410 πάθωσι
1211 4345 1263 4412 διὰ
1280 4343 1322 4413 τὰ
1337 4346 1493 4433 γενόμενα

193 4445 279 4514 κατὰ
291 4447 330 4515 τὸ
343 4448 472 4534 συνεχὲς
483 4447 595 4516 αὐτῶν
607 4448 790 4541 ἀδικήματα
802 4453 864 4544 τὴν
876 4451 1040 4524 Ἐλευσῖνα
1052 4469 1218 4525 κατοικεῖν
1235 4457 1490 4544 συνεχώρησανι
