3402 5172
225 509 306 580 sent,
331 503 608 592 complecteretur.
656 507 815 571 Groteum
839 517 950 572 autem
972 511 1125 596 sequitur,
1159 529 1234 572 cum
1258 508 1354 570 docet
1378 505 1519 592 priorem

225 619 424 691 amnestiam,
450 639 535 703 quae
558 619 647 702 pacis
669 601 818 680 condicio
835 611 957 691 fuisset,
984 622 1095 682 statim
1117 630 1191 705 post
1206 618 1354 682 exsulum
1378 618 1518 681 reditum

224 729 431 810 Thrasybulo
456 738 587 791 auctore
604 728 769 790 decretam
793 737 826 796 et
839 729 1046 792 iureiurando
1063 740 1208 793 sanctam
1225 749 1306 796 esse.
1333 727 1410 790 dicit
1429 727 1515 788 enim

222 862 253 922 p.
282 855 338 918 13:
375 839 506 900 »darum
537 859 602 900 war
637 858 671 899 es
705 837 757 898 die
786 847 871 900 erste
903 839 1080 922 Handlung
1099 837 1310 920 Thrasybul's
1343 837 1426 900 nach
1460 837 1517 900 der

222 947 402 1038 Heimlrehr
430 947 496 1010 und
527 946 610 1010 nach
639 947 714 1009 dem
746 947 906 1029 Festzuge
937 948 996 1012 aul
1022 951 1073 1012 die
1103 949 1280 1033 Akropolis
1310 946 1415 1010 sofort
1445 947 1516 1008 cine

221 1068 305 1121 erste
329 1057 675 1137 Volksversammlung
706 1056 788 1119 nach
812 1059 869 1122 der
898 1057 1164 1141 nahegelegenen
1186 1060 1279 1140 Pnyx
1311 1078 1349 1120 zu
1381 1054 1516 1119 berulen

222 1169 288 1230 und
311 1169 394 1260 naclr
409 1166 562 1249 erlolgtcr
578 1167 813 1248 Abstimmung
837 1168 890 1230 die
913 1169 1108 1232 einstweilen
1123 1169 1327 1260 yereinbarte
1343 1165 1514 1228 Amnestie

220 1299 293 1340 zum
315 1277 606 1340 Volksbeschlusse
639 1277 781 1341 erheben
813 1278 877 1340 und
909 1278 1050 1341 feicrlich
1079 1278 1289 1344 beschwdren
1315 1299 1354 1338 zu
1378 1277 1514 1340 lassen«.

221 1388 331 1451 Verba
346 1378 456 1450 autem
483 1381 593 1472 »ὅρκοι
615 1389 669 1451 καὶ
693 1391 889 1473 συνθῆκαιι,
913 1390 1033 1470 quibus
1049 1399 1193 1452 oratores
1208 1407 1306 1471 saepe
1321 1385 1514 1456 amnestiam

222 1499 383 1583 appellare
405 1499 468 1560 iam
492 1477 638 1571 iidinrus,
663 1499 707 1560 ita
730 1497 798 1566 vult
832 1498 981 1580 intellegi,
1011 1509 1045 1563 ut
1068 1497 1101 1563 αἱ
1125 1501 1287 1583 συνθῆκαι
1320 1497 1383 1559 sint
1416 1504 1514 1579 pacta

221 1611 420 1674 aPausania
452 1611 645 1693 composita,
679 1606 709 1672 ol
741 1603 831 1694 ὅρκοι
869 1609 949 1672 haec
977 1611 1156 1672 iuramenta
1190 1609 1300 1670 statim
1329 1615 1404 1690 post
1434 1605 1512 1668 redi.-

220 1730 289 1782 tum
311 1721 404 1783 dicta.
824 1699 830 1708 ⁸
1188 1705 1189 1708 ¹

325 1829 390 1893 Sed
415 1831 478 1891 iam
501 1830 581 1892 haec
604 1850 716 1912 pauca,
741 1850 826 1912 quae
855 1829 980 1892 summa
1012 1837 1087 1891 sunt
1110 1830 1178 1896 eius
1208 1825 1449 1899 dissertationis,
1483 1825 1509 1886 si

218 1941 396 2002 accuratius
420 1940 673 2013 considerantur,
699 1960 904 2025 nequaquam
927 1949 1064 2024 possunt
1091 1940 1230 2022 probari.
1279 1936 1374 1999 Falso
1397 1935 1511 1996 statuit

219 2069 334 2132 pacem
358 2060 430 2133 post
453 2051 601 2112 exsulum
627 2050 768 2112 reditum
789 2051 995 2112 iureiurando
1019 2058 1163 2111 sanctam
1187 2069 1266 2111 esse.
1312 2047 1398 2108 Nam
1430 2044 1508 2108 redi-

217 2167 269 2220 tus
292 2159 361 2243 ipse
382 2179 510 2222 summa
534 2169 602 2222 erat
621 2159 710 2242 pacis
734 2158 891 2234 condici0,
917 2181 959 2222 ex
987 2160 1032 2222 eis
1058 2168 1178 2232 autem,
1203 2178 1286 2242 quae
1310 2176 1408 2240 supra
1425 2157 1456 2237 (ᾗ
1472 2155 1506 2235 9)

217 2269 446 2344 disseruimus,
483 2279 631 2352 apertum
667 2280 716 2331 est
749 2289 864 2352 pacem
898 2292 962 2333 non
996 2283 1068 2344 ταῖς
1104 2267 1285 2353 συνθήκαις
1319 2265 1509 2344 compositis

216 2388 318 2441 ratam
340 2378 457 2442 factam
488 2399 567 2454 esse,
599 2379 656 2442 sed
679 2393 747 2454 τοῖς
778 2375 886 2464 ὅρκοις
916 2382 1035 2460 iuratis,
1061 2399 1159 2462 quam
1182 2379 1226 2442 ob
1250 2398 1318 2440 rem
1339 2396 1398 2455 pro
1422 2383 1510 2438 certo

216 2488 404 2551 habendum
426 2499 475 2551 est
503 2500 670 2571 utramque
699 2492 930 2572 paciscentium
959 2500 1085 2576 partem
1117 2490 1288 2561 iuravisse,
1320 2487 1508 2569 priusquam

214 2599 313 2662 altera
336 2619 412 2681 pars
437 2599 469 2660 in
494 2600 605 2662 urbem
629 2601 746 2663 rediret
776 2601 884 2681 itaque
915 2621 1075 2663 summam
1105 2599 1329 2662 condicionem
1354 2593 1508 2660 efficeret.

216 2707 298 2770 Solis
322 2709 567 2772 condicionibus
592 2729 696 2791 neque
719 2710 845 2773 exsules
868 2731 972 2792 neque
997 2711 1116 2773 urbani
1133 2710 1211 2772 satis
1235 2708 1384 2771 obstricti
1404 2717 1504 2779 erant,

215 2829 247 2881 et
274 2828 402 2892 tamen,
438 2820 624 2900 priusquam
660 2820 691 2880 in
723 2839 821 2882 unam
853 2821 1017 2882 civitatem
1053 2821 1342 2894 reconciliarentur,
1380 2817 1507 2897 utrique

214 2939 304 2990 erant
335 2929 567 3010 obstringendi.
615 2929 724 2990 Etiam
753 2930 857 2990 minus
885 2951 923 2991 ea
960 2931 1096 2993 obtineri
1130 2937 1280 3015 possunt,
1317 2947 1401 3010 quae
1434 2925 1507 2987 loco

213 3036 313 3100 modo
337 3037 432 3100 allato
455 3039 560 3111 docet,
584 3037 790 3118 Thrasybulo
822 3048 953 3102 auctore
976 3042 1162 3104 contionem
1184 3047 1400 3105 convocatam
1424 3057 1504 3110 esse,

213 3168 296 3229 quae
319 3148 481 3230 suffragiis
504 3147 576 3210 latis
600 3148 791 3210 amnestiam
821 3151 852 3212 in
884 3151 1128 3214 condicionibus
1150 3151 1358 3218 constitutam
1393 3145 1505 3230 populi

213 3258 379 3322 decretum
402 3258 605 3325 reddidisset.
648 3260 829 3340 *Quomodo
860 3260 992 3322 tandem
1021 3259 1089 3323 fieri
1113 3262 1234 3340 potuit,
1266 3269 1300 3322 ut
1323 3258 1364 3320 de
1387 3277 1421 3320 re
1440 3257 1504 3318 iam

211 3368 388 3430 constituta
417 3369 569 3450 suffragia
600 3369 773 3432 ferrentur?
819 3371 903 3432 Nam
927 3390 1010 3450 quae
1038 3392 1088 3433 res
1110 3371 1269 3450 suffragiis
1298 3368 1503 3451 permittitur,

210 3479 241 3538 in
266 3486 587 3560 utramquepartem
621 3481 749 3544 decerni
775 3491 893 3562 potest.
942 3481 1007 3544 Sed
1030 3482 1106 3562 quid
1131 3479 1249 3543 lactum
1273 3489 1375 3552 esset,
1401 3478 1426 3539 si
1452 3499 1504 3540 ex·

210 3587 303 3664 suleS,
329 3590 384 3670 qui
406 3590 509 3652 maior
534 3600 620 3653 certe
648 3591 903 3654 contionantium
932 3611 1006 3672 pars
1029 3590 1164 3664 fuerunt,
1190 3589 1383 3652 amnestiam
1412 3607 1503 3668 roga-

209 3708 277 3760 tam
305 3700 547 3781 antiquassent?
594 3702 691 3763 Dicas
714 3703 803 3783 pacis
836 3703 1080 3765 condicionibus
1111 3721 1167 3764 eos
1201 3701 1375 3764 obstrictos
1395 3698 1500 3770 luisse,

210 3819 244 3871 ut
274 3810 458 3891 probarent.
507 3810 572 3873 Sed
602 3812 836 3894 ineptissimum
879 3822 928 3874 est
957 3813 998 3875 de
1031 3834 1065 3874 re
1101 3811 1252 3893 suffragia
1282 3810 1380 3883 lerre,
1418 3829 1501 3890 quae

208 3920 273 3981 iam
296 3930 345 3983 est
374 3922 513 3987 decreta.
560 3921 650 4000 Quas
686 3922 890 3987 difficultates
915 3921 1108 3985 Grosserum
1137 3923 1279 4004 effugere
1307 3941 1374 3984 -non
1403 3938 1500 4000 posse

208 4030 341 4110 singulis
363 4030 442 4092 locis
466 4033 667 4113 pertractatis
691 4035 870 4114 apparebit.

313 4141 380 4202 lam
411 4141 462 4204 hic
493 4143 816 4205 commemorandum
863 4152 910 4205 est
947 4143 1032 4214 aliud
1063 4153 1300 4224 argumentum,
1333 4142 1375 4204 ad
1409 4139 1498 4225 quod

207 4247 323 4312 iterum
347 4259 380 4311 et
402 4253 530 4333 saepius
555 4250 690 4314 Grosser
712 4251 842 4334 refugit,
866 4253 1000 4334 longum
1024 4264 1154 4336 tempus
1178 4255 1260 4318 inter
1283 4252 1422 4314 reditum
1444 4271 1497 4312 ex·

205 4358 308 4422 sulum
326 4369 358 4421 et
374 4362 616 4441 expeditionem
631 4339 829 4425 Eleusiniam
853 4364 1078 4426 intercessisse.
1115 4363 1213 4446 Quod
1229 4364 1358 4425 sirecte
1374 4362 1495 4426 dictum

206 4480 300 4544 esset,
326 4453 467 4532 nonnulli
491 4470 567 4546 loci,
602 4473 719 4552 quibus
754 4472 1011 4548 ›xucsiddvrac‹
1042 4473 1259 4536 Athenienses
1289 4472 1439 4534 dicuntur
1467 4492 1497 4536 a·

1249 4591 1280 4656 3*
