3402 5172
794 319 833 395 8³

167 525 345 588 orationem
369 524 562 590 nonfacere
592 536 704 590 contra
729 549 774 602 ea,
806 548 889 610 quae
914 531 954 592 de
978 528 1136 593 amnestia
1160 547 1255 610 supra
1279 526 1461 601 docuimus,

165 652 362 716 qua-mquam
386 634 523 700 Grosser
545 636 598 704 l.l.
621 659 653 720 p.
680 653 718 720 35
745 650 778 702 et
800 641 843 720 36
866 641 965 703 etiarn
1002 660 1043 701 ex
1073 637 1124 702 ea'
1139 638 1257 702 multos
1288 637 1378 700 locos
1401 658 1461 720 pro

164 765 221 808 sua
253 749 414 814 sententia
446 748 561 823 attulit,
594 769 732 830 quorum
774 760 884 814 tamen
923 769 1105 832 perpaucos
1144 750 1372 832 interpretatus
1402 758 1460 820 est,

164 857 320 936 plurimos
344 859 609 940 interpretatione
632 880 696 922 non
720 861 831 925 addita
861 860 1039 942 exscripsit.
1087 857 1195 940 Quam
1219 859 1262 920 ob
1294 879 1361 920 rem
1394 877 1460 921 non

162 965 203 1030 de
227 987 426 1050 unoquoque
449 970 567 1032 diserte
593 990 737 1051 agemus
767 971 798 1032 id
827 972 917 1050 quod
933 991 973 1038 eo
996 970 1101 1031 minus
1130 968 1197 1031 fieri
1222 978 1362 1051 oportet,
1386 969 1462 1050 quia
1513 995 1516 1000 ·

163 1078 314 1139 omnibus
338 1078 404 1142 lere
427 1080 490 1141 hoc
514 1099 687 1143 commune
711 1091 769 1154 est,
794 1082 883 1161 quod
914 1089 1025 1144 orator
1047 1079 1168 1142 iudices
1198 1079 1239 1141 ad
1270 1080 1462 1141 amnestiam

162 1198 304 1262 revocat,
330 1209 427 1269 quam
451 1210 529 1253 mox
550 1200 666 1253 vocat:
694 1195 911 1281 ‚cepenam
935 1211 1014 1254 mox
1033 1183 1160 1272 ›donoc‹
1183 1209 1261 1250 mox
1281 1183 1391 1273 »ὅρκοι
1407 1189 1462 1252 καὶ

164 1301 359 1383 συνθῆκαιι.
407 1301 615 1380 Quamquam
638 1311 765 1364 constat
788 1302 837 1364 his
860 1302 965 1364 verbis
979 1301 1077 1364 etiam
1094 1299 1195 1362 solam
1213 1319 1327 1381 pacem
1352 1299 1459 1382 appel-

163 1407 218 1470 lari
242 1430 348 1490 posse,
372 1420 482 1473 tamen
514 1421 678 1474 oratorem
710 1412 762 1486 dev
784 1413 942 1474 amnestia
973 1433 1011 1474 ea
1045 1409 1250 1491 usurpavisse
1286 1421 1359 1472 cum'
1390 1417 1460 1472 tota

163 1520 268 1581 oratio
293 1521 435 1584 ostendit
464 1530 533 1582 tum
558 1521 575 1604 ᾗ
601 1536 618 1582 2
644 1540 707 1602 sq.:
737 1517 857 1602 »νόμον
879 1515 1011 1596 ἔθεσθε,
1035 1511 1075 1582 ἄν
1099 1541 1148 1594 τις
1179 1517 1347 1602 δικάζηται
1371 1513 1461 1602 παρὰ

163 1627 241 1703 τοὺς
265 1622 383 1720 ὅρκους
400 1679 494 1696 .....
513 1626 555 1693 ἵν’
571 1628 600 1694 οἱ
616 1633 803 1712 τολμῶντες
817 1641 1030 1713 μνησικακεῖν
1045 1629 1088 1713 μὴ
1108 1627 1211 1713 μόνον
1231 1626 1461 1713 ἐπιορκοῦντες

163 1737 399 1823 ἐξελέγχοιντοι
438 1751 470 1806 et
493 1745 521 1822 ,ξ
556 1759 614 1826 23:
652 1739 902 1824 »θροούβοολος
925 1740 979 1804 καὶ
1005 1733 1135 1814 Ἄνυτος
1236 1736 1275 1804 οὐ
1299 1743 1465 1822 τρλμῶοιν

238 1863 479 1935 ρνησικακεῑνι.
526 1851 600 1933 Qua
624 1851 664 1913 de
686 1871 783 1914 causa
807 1850 859 1914 illa
882 1851 980 1912 verba
1004 1851 1045 1912 de
1069 1851 1228 1913 amnestia
1245 1850 1460 1932 intellegenda

161 1969 246 2034 sunt,
261 1975 370 2042 quam
395 1983 459 2025 non
481 1962 572 2026 aliter
587 1982 686 2044 quam
702 1981 817 2044 pacem
834 1961 1042 2024 condiciones
1057 1971 1091 2024 et
1107 1961 1286 2030 iuramenta
1309 1960 1460 2024 habuisse

164 2092 261 2153 supra
283 2074 503 2153 exposuimus.
552 2073 664 2135 Verbo
688 2055 784 2152 igitur
809 2074 973 2156 ορνθῆκαι
996 2071 1070 2151 in§
1097 2089 1125 2145 2,
1142 2091 1174 2149 4,
1197 2089 1244 2151 19,
1264 2088 1314 2143 21,
1335 2087 1385 2144 22,
1406 2088 1458 2150 23,

167 2197 224 2258 24,
251 2183 311 2255 26,
337 2197 395 2262 27,
423 2198 480 2259 30,
508 2198 566 2260 34,
594 2195 653 2262 35,
679 2199 738 2258 42,
765 2198 817 2258 44,
842 2197 883 2261 47
915 2203 973 2244 eae
1001 2184 1208 2246 condiciones
1231 2181 1459 2264 significantur,

163 2294 281 2371 quibus
303 2294 461 2356 amnestia
483 2302 606 2356 statuta
630 2302 688 2364 est,
714 2292 765 2354 vel
786 2293 895 2371 potius
912 2312 1026 2355 omnes
1047 2303 1122 2355 sunt
1146 2292 1354 2355 condiciones
1378 2293 1460 2364 inter

165 2404 306 2466 urbanos
331 2412 362 2465 et
385 2402 513 2465 exsules
538 2403 657 2477 laetae,
682 2403 772 2486 quia,
787 2411 832 2491 *ut
855 2421 953 2483 supra
975 2404 1007 2484 (ξ
1034 2405 1065 2485 7)
1089 2403 1319 2485 exposuimuS,
1351 2402 1458 2466 verisi-

164 2513 237 2576 mile
262 2523 310 2576 est
332 2513 483 2576 Eleusine
512 2523 701 2595 recuperata
732 2513 774 2574 ad
804 2513 917 2594 prioris
946 2515 1035 2595 pacis
1065 2512 1274 2576 condiciones
1305 2512 1382 2575 alias
1406 2514 1459 2576 ad·

163 2624 247 2686 ditas
270 2634 303 2686 et
317 2609 444 2687 vdeinde
466 2645 582 2688 omnes
604 2624 808 2688 iureiurando
831 2631 961 2685 sanctas
984 2643 1063 2691 esse.
1104 2623 1211 2704 Quam
1235 2623 1278 2686 ob
1304 2643 1371 2685 rem
1395 2643 1459 2685 non

162 2733 269 2797 solum
300 2734 419 2796 idcirco
450 2755 517 2816 pax
544 2744 577 2798 et
606 2734 776 2802 amnestia,
797 2752 861 2795 non
884 2734 1250 2820 disertelseiunguntur,
1283 2733 1357 2817 quia
1380 2733 1460 2796 haec

164 2845 269 2908 oratio
298 2845 518 2927 compluribus
549 2846 640 2908 annis
664 2854 741 2929 post
764 2843 877 2910 habita
899 2853 966 2919 est,
998 2843 1056 2906 sed
1079 2866 1113 2907 re
1138 2845 1224 2926 ipsa,
1257 2865 1458 2928 quamquam

165 2955 297 3038 aliquod
320 2957 477 3038 temporis
500 2957 641 3039 spatium
675 2955 756 3018 inter
784 2975 822 3016 ea
852 2954 1053 3016 interiectum
1086 2963 1164 3028 erat,
1199 2974 1239 3016 eo
1268 2963 1357 3016 arcte
1387 2975 1459 3018 con·

163 3066 290 3128 iunctae
319 3078 426 3139 erant,
462 3067 550 3150 quod
584 3086 651 3148 pax
679 3066 841 3129 amnestia
874 3073 986 3127 sancta
1016 3066 1153 3148 repetita
1182 3075 1215 3127 et
1245 3064 1370 3129 firmata
1399 3076 1459 3131 est.

162 3176 289 3238 Eodem
312 3186 421 3238 autem
446 3177 514 3240 iure
538 3177 672 3240 verbum
697 3178 860 3260 συνθῆκαι
883 3176 990 3238 solum
1020 3197 1081 3258 pro
1105 3185 1175 3238 tota
1196 3177 1355 3239 amnestia
1377 3176 1455 3257 poni

163 3286 277 3365 potuit,
303 3308 369 3370 quo
393 3287 455 3349 hoc
479 3287 550 3349 solo
572 3288 675 3351 verbo
697 3306 813 3370 pacem
836 3286 1006 3368 significari
1031 3306 1128 3369 posse
1150 3306 1250 3367 supra
1273 3286 1302 3369 (ξ
1318 3287 1353 3367 9)
1377 3287 1455 3348 vidi-

164 3414 244 3459 mus
283 3395 395 3479 Atque
419 3397 535 3460 eodem
559 3399 660 3461 modo
682 3397 817 3459 verbum
841 3389 942 3480 ὅρκοι,
968 3397 1056 3480 quod
1080 3397 1239 3460 invenitur
1263 3398 1294 3458 in
1319 3396 1383 3480 §a
1406 3412 1457 3467 20,

164 3520 215 3578 21,
241 3521 258 3566 2
266 3517 293 3583 5,
317 3523 369 3582 44,
388 3515 422 3568 et
437 3508 571 3569 verbum
595 3504 807 3592 ἐνορκοῦντες
830 3507 861 3570 in
884 3511 904 3588 g
929 3525 946 3587 3
980 3507 1195 3588 intellegenda
1217 3515 1292 3574 sunt
1316 3506 1357 3569 de
1380 3507 1458 3594 iure-

161 3613 304 3686 iurando,
331 3634 396 3697 quo
419 3634 532 3678 omnes
556 3630 632 3700 post
658 3618 810 3682 Eleusina
841 3629 971 3702 captam
1005 3617 1074 3680 illas
1107 3617 1314 3680 condiciones
1344 3637 1464 3680 sanxe-¹

161 3733 243 3798 runt,
269 3735 301 3787 et
325 3745 365 3787 eo
387 3725 486 3788 etiam
509 3726 713 3790 referendum
738 3739 787 3791 est
809 3730 950 3794 iudicum
974 3729 1191 3808 iuramentum
1215 3727 1246 3789 in
1271 3727 1288 3811 ξ
1307 3743 1349 3806 34
1371 3746 1458 3789 com·

161 3844 387 3909 memoratum,
412 3837 453 3898 de
477 3857 543 3920 quo
565 3857 663 3919 supra
686 3841 720 3922 (§
737 3839 771 3922 6)
794 3840 859 3903 iam
882 3840 1017 3920 egimus.
1054 3838 1193 3902 Duobus
1210 3838 1350 3922 denique
1368 3837 1458 3912 locis,

160 3945 177 4029 ξ
195 3962 236 4024 29
260 3956 292 4009 et
308 3946 325 4030 ᾗ
341 3947 394 4027 67,
412 3947 570 4010 amnestia
584 3947 681 4029 pleno
698 3950 838 4024 nomine,
859 3943 969 4032 »donor
984 3949 1039 4012 καὶ
1054 3951 1243 4033 συνθῆκαι(
1266 3948 1457 4031 appellatur.

160 4056 211 4118 De
235 4058 290 4131 eie,
315 4077 398 4142 quae
420 4058 498 4142 §20
520 4056 561 4120 de
584 4059 763 4122 amnestiae
786 4060 1031 4122 condicionibus
1055 4060 1285 4141 comperimus
1309 4058 1458 4123 conferas

160 4187 208 4241 ea,
233 4188 318 4251 quae
342 4189 440 4250 supra
455 4170 487 4252 (ᾗ
506 4170 537 4251 7)
554 4168 775 4251 exposuimus.
814 4169 944 4232 Deinde
966 4170 1031 4232 duo
1047 4178 1169 4238 restant
1184 4169 1245 4232 loci
1261 4189 1280 4230 a
1296 4167 1457 4233 Grossero

158 4277 255 4355 allati,
280 4279 399 4361 quiex
424 4279 491 4342 eius
515 4279 622 4342 verbis
646 4288 775 4342 nostrae
797 4281 978 4342 sententiae
1012 4280 1147 4363 obloqui
1184 4279 1284 4340 videri
1308 4288 1455 4360 possunt,

159 4390 179 4468 ξ
198 4405 215 4450 2
232 4409 280 4472 sq.
301 4397 333 4451 et
348 4391 368 4469 ἕ
385 4391 436 4464 28,
461 4409 599 4474 quorum
615 4391 721 4476 priore
737 4392 932 4456 sententiam
955 4411 1047 4453 suam
1072 4411 1113 4454 eo
1136 4389 1256 4451 firmari
1279 4389 1454 4463 existimat,

159 4499 248 4582 quod
271 4498 377 4562 verbis
399 4503 574 4564 κατελθεῖν
590 4509 623 4565 et
638 4497 670 4564 al
687 4504 850 4586 συνθῆκαι
868 4512 901 4565 et
915 4500 946 4566 οὶ
969 4483 1062 4586 ὅρκοι
1077 4509 1110 4564 et
1125 4499 1164 4565 τὸ
1186 4498 1230 4583 μὴ
1244 4511 1456 4584 μνησικακεῖν
