3402 5172
813 329 854 374 22

727 403 891 412 ...—-.--..
898 405 939 410 ...-

185 527 346 612 graphum
369 527 637 608 antecedentem),
661 536 836 612 postquam
860 527 915 600 eis,
941 529 996 610 qui
1011 525 1163 590 Eleusine
1179 525 1312 598 luerant,
1337 523 1487 586 Athenas

187 637 324 702 reversis
345 645 415 700 tota
439 636 634 700 urbanorum
658 635 755 699 factio
778 638 890 722 paucis
914 638 1059 721 exceptIs
1085 638 1116 698 in
1141 656 1238 700 unam
1271 637 1378 698 denuo
1412 655 1486 697 con-

183 748 281 822 venit,
305 757 394 811 totus
417 749 556 834 populus
579 746 804 810 reconciliatus
827 729 1032 827 Thrasybulo
1056 748 1234 830 praecipue
1258 755 1391 810 auctore
1414 765 1487 829 pac·

183 857 306 920 tionem
338 867 436 922 antea
470 859 590 922 factam
626 857 769 921 decrevit
802 858 981 920 iterandam
1017 878 1088 920 esse
1122 867 1155 920 et
1189 856 1380 924 certioribus
1413 874 1485 917 con-

186 968 369 1030 dicionibus
399 969 615 1053 gravioreque
647 967 853 1030 iureiurando
881 967 1083 1030 firmandam.
1136 967 1211 1047 Qua
1243 967 1284 1029 de
1318 985 1415 1028 causa
1446 965 1487 1030 ad

183 1057 401 1151 condiciones,
427 1078 605 1162 συνθήκας,
632 1079 755 1163 priores
778 1098 879 1142 novas
901 1078 1097 1141 addiderunt
1126 1077 1157 1139 in
1181 1078 1321 1139 eundem
1344 1076 1490 1160 lapidem
1523 1075 1526 1086 '

186 1187 322 1250 sortasse
346 1188 544 1263 Incidendas,
570 1188 687 1273 quibus
711 1190 830 1252 diserte
860 1181 1020 1252 statutum
1051 1197 1109 1261 est,
1136 1209 1176 1250 ne
1201 1195 1335 1272 propter
1358 1185 1489 1248 iniurias

184 1298 365 1372 anarchiae,
392 1319 475 1383 quae
500 1299 686 1372 vocabatur,
712 1308 860 1384 tempore
877 1300 1069 1362 commissas
1086 1298 1259 1382 quisquam
1284 1297 1316 1359 in
1334 1295 1489 1358 iudicium

183 1417 363 1482 vocaretur,
387 1429 471 1493 quae
495 1409 704 1472 condiciones
727 1409 792 1490 legi
811 1409 963 1471 iubentur
985 1409 1073 1492 apud
1096 1409 1271 1471 Isocratem
1304 1406 1411 1468 XVIII
1436 1421 1487 1478 20,

186 1519 241 1580 ubi
265 1538 322 1602 per
346 1528 507 1581 oratorem
532 1521 638 1602 ipsum
660 1520 878 1602 comperImus
895 1519 1014 1580 diserte
1031 1517 1088 1580 has
1106 1517 1275 1601 συνθήκας
1299 1516 1487 1594 absolvisse,

188 1625 284 1700 »τούς
307 1625 509 1711 ἰνδείξαντας
540 1626 559 1712 l)
583 1629 752 1714 φήναντα,Ι
775 1625 795 1712 i)
823 1632 895 1694 τοῖν
918 1623 1030 1692 ἄλλοιν
1060 1652 1092 1692 τι
1121 1635 1189 1693 τῶν
1216 1627 1379 1692 τοιούτων
1408 1624 1487 1710 πρά·

187 1746 339 1821 ξανταςι.
394 1740 429 1801 In
458 1739 517 1801 has
550 1749 660 1802 autern
694 1741 902 1802 condiciones
933 1740 1050 1824 partim
1081 1740 1212 1800 iteratas
1243 1739 1360 1822 partlm
1390 1757 1490 1799 novas

185 1859 274 1910 totus
297 1848 436 1934 populus
452 1859 522 1913 turn
539 1849 763 1912 reconcibatus
788 1851 902 1912 iuravit
926 1869 964 1912 ea
980 1849 1126 1922 formula,
1145 1850 1235 1910 cuius
1253 1858 1377 1932 partem
1402 1846 1489 1931 apud

186 1959 393 2022 Andocidem
416 1969 542 2022 exstare
565 1961 714 2033 vidimus,
740 1980 845 2044 neque
869 1980 935 2022 non
966 1967 1131 2023 senatores
1167 1959 1363 2042 iudicesque.
1416 1955 1490 2038 Qua

187 2057 508 2154 sen’tentiaprobata
530 2080 679 2154 apertum
698 2079 757 2143 est,
782 2079 815 2132 et
839 2089 895 2131 cur
911 2070 1106 2154 Xenophon,
1131 2069 1280 2141 Iustinus
1306 2068 1359 2130 alii
1378 2068 1444 2128 iure
1461 2066 1491 2126 iu

187 2181 289 2242 rando
313 2180 440 2242 tradant
464 2179 681 2242 Athenienses
711 2180 885 2244 obstrictos
915 2202 986 2244 esse
1011 2181 1211 2244 oblivionem
1244 2177 1313 2241 fore
1347 2177 1491 2239 ommum

186 2309 292 2352 rerum
314 2301 389 2353 ante
404 2299 557 2364 actarum,
583 2298 615 2351 et
637 2311 694 2354 cur
709 2293 796 2375 apud
813 2301 958 2355 oratores
985 2287 1094 2375 »ὅρκοι
1116 2290 1168 2353 καὶ
1187 2292 1370 2373 συνθῆκαι(
1398 2288 1492 2349 hacc-

187 2401 346 2462 amnestia
379 2409 523 2465 vocetur.
571 2399 630 2462 Est
659 2399 758 2481 igitur
792 2401 901 2484 pactio
932 2409 965 2464 et
992 2421 1012 2462 a
1041 2419 1122 2484 pace
1152 2401 1258 2483 priore
1291 2420 1330 2461 eo
1364 2407 1492 2460 tanturn

188 2511 294 2583 distat,
320 2510 410 2594 quod
435 2510 485 2572 illa
507 2510 627 2572 bellum
651 2511 733 2572 inter
755 2509 914 2573 sactiones
936 2531 977 2572 eo
994 2530 1098 2596 usque
1122 2507 1253 2590 gestum'
1269 2509 1405 2582 finitum,
1432 2509 1492 2570 hac

189 2621 344 2683 oblivioni
368 2621 480 2682 datum
504 2629 562 2692 est,
587 2618 639 2682 illa
661 2618 788 2683 exsules
812 2621 951 2681 reditum
974 2621 1113 2682 assecuti
1129 2630 1213 2694 sunt,
1238 2620 1290 2682 alii
1306 2629 1416 2681 autem
1439 2639 1492 2703 pa-

186 2732 281 2792 triam
312 2730 474 2812 fugerunt,
504 2731 565 2792 hac
593 2731 746 2793 omnibus
778 2741 884 2793 metus
918 2731 1101 2815 ademptus,
1133 2732 1245 2793 ciuitas
1277 2739 1309 2791 et
1337 2731 1493 2791 securitas

189 2839 315 2903 reddita
337 2850 395 2915 est,
420 2841 506 2903 illam
531 2861 589 2903 rex
612 2850 764 2903 externus
788 2841 931 2923 perfecit,
958 2841 1040 2904 hanc
1057 2862 1171 2904 omnes
1187 2841 1275 2903 cives
1300 2859 1359 2902 sua
1375 2849 1492 2923 sponte

187 2951 408 3013 decreverunt.
453 2951 569 3033 Neque
593 2951 667 3013 id'eo
692 2953 808 3014 mirum
830 2963 879 3015 est
902 2962 1047 3014 oratores
1072 2952 1112 3014 de
1137 2952 1198 3014 hac
1230 2951 1373 3013 suevisse
1406 2971 1492 3012 usur-

189 3083 266 3147 pare
287 3062 386 3123 verba
414 3055 522 3144 »ὅρκοι
544 3061 598 3124 καὶ
630 3065 826 3147 συνθῆκαιι,
854 3062 938 3124 illam
970 3062 1065 3124 malle
1098 3063 1264 3124 nominare
1292 3058 1342 3124 »nl
1368 3059 1496 3123 διαλλα-

191 3173 275 3256 γαίι,
302 3181 337 3233 ut
358 3173 534 3234 Isocratem
557 3171 664 3234 XVIII
689 3185 739 3251 25,
764 3172 898 3252 Lysiam
921 3173 980 3234 XII
1007 3185 1021 3251 5
1027 3190 1056 3251 3,
1080 3173 1154 3235 XIII
1177 3176 1227 3238 80.
1276 3170 1493 3233 Nihilominus

194 3301 372 3366 numquam
395 3282 635 3362 neglegendum
659 3293 708 3344 est
737 3305 802 3346 non
832 3283 1011 3345 necessarie
1043 3282 1092 3344 his
1121 3284 1306 3345 nomInibus
1329 3281 1388 3343 has
1413 3283 1494 3343 duas

191 3413 241 3455 res
266 3393 380 3465 notari,
405 3394 480 3476 quia
504 3403 537 3454 et
558 3393 717 3456 amnestia
745 3393 942 3477 »ὁιαλλαγήι
970 3394 1080 3456 vocari
1104 3402 1214 3477 potest
1236 3402 1267 3455 et
1290 3413 1357 3475 pax
1384 3385 1494 3474 »ὅρκοι

190 3503 244 3566 καὶ
264 3505 459 3587 συνθήκαιι,
477 3504 595 3585 quibus
611 3505 726 3578 verbis,
742 3515 776 3567 ut
792 3505 1094 3578 demonstravimus,
1111 3503 1283 3566 verisimile
1301 3513 1349 3565 est
1365 3520 1494 3584 semper

191 3612 432 3675 subaudiendas
462 3633 533 3675 esse
557 3613 681 3697 prioris
696 3616 784 3698 pacis
810 3615 1027 3680 condiciones.
1076 3615 1149 3676 Hoc
1173 3624 1283 3677 autem
1308 3613 1407 3674 modo
1431 3610 1492 3673 lac·

191 3733 262 3784 tum
285 3732 343 3796 est,
368 3732 402 3785 ut
424 3723 594 3786 obscurius
625 3723 784 3785 interdum
810 3724 984 3807 loquantur
1011 3733 1157 3787 oratores
1191 3734 1223 3787 et
1253 3738 1367 3808 pacem
1394 3731 1494 3804 atque

194 3833 386 3895 amnestiam
408 3831 608 3895 confundere
631 3834 810 3897 videantur.

300 3943 426 4024 Quibus
451 3943 607 4026 expositis
631 3943 734 4006 redire
757 3964 931 4028 possumus
962 3945 1003 4006 ad
1036 3945 1125 4008 locos
1156 3946 1248 4007 initio
1276 3944 1372 4006 huius
1403 3965 1494 4026 para·

193 4051 307 4135 graphi
330 4052 488 4120 laudatos,
535 4053 636 4136 Apud
659 4054 792 4134 Lysiam
816 4055 922 4117 XVIII
942 4069 977 4133 15
995 4065 1219 4139 opponuntur:
1249 4049 1287 4118 »ὅ
1311 4054 1370 4137 μὲν
1393 4057 1495 4119 Λακε-

193 4163 367 4246 δαιμονίοις
398 4161 597 4226 συνέθεσθει
632 4173 664 4226 et
699 4160 737 4228 »ὅ
760 4164 793 4228 οὲ
809 4161 920 4239 αὑτοῖς
935 4163 1160 4248 ἐψηφίσασθει
1189 4176 1222 4229 et
1246 4167 1363 4227 eodem
1380 4186 1490 4228 sensu:

197 4270 277 4346 »τὰς
305 4271 365 4355 μὲν
394 4272 477 4357 πρὸς
508 4271 651 4348 ἐκείνους
681 4274 868 4358 συνθήκας(
903 4285 935 4338 et
968 4273 1047 4350 »τὰς
1080 4275 1112 4339 δὲ
1136 4274 1219 4359 πρὸς
1242 4271 1393 4352 alicnde«.
1442 4275 1494 4335 Ex

194 4384 250 4457 εἰς,
276 4403 360 4467 quae
384 4385 530 4468 exposui,
555 4385 700 4468 sequitur
731 4384 782 4446 illa
811 4385 1027 4466 intellegenda
1058 4405 1128 4462 esse
1160 4387 1201 4447 de
1232 4406 1313 4468 pace
1338 4384 1494 4448 Pausania

195 4503 327 4557 auctore
351 4495 542 4578 composita,
565 4497 656 4557 cuius
674 4497 883 4558 condiciones
907 4497 969 4557 iam
986 4496 1127 4556 dixImus
1150 4495 1269 4557 eodem
1293 4493 1392 4553 modo
1407 4489 1494 4572 apud
