3402 5172
299 791 418 871 JIIrgen
448 787 598 871 Andreas
622 787 766 851 Liibbert
797 795 985 848 natussum
1015 786 1046 847 in
1076 786 1149 848 vico
1173 806 1274 866 parvo
1297 785 1498 884 Ditmarsiae

197 898 423 973 meridionalis,
449 899 504 981 qui
527 907 662 960 vocatur
681 896 899 970 Neuendeich,
925 897 978 959 die
1000 895 1060 958 XII
1083 897 1202 958 mensis
1226 895 1391 958 Februarii
1420 895 1498 956 anni

202 1010 293 1090 1856,
317 1018 410 1092 patre
428 1009 547 1090 Jtirgen
571 1007 715 1082 Hinrich,
738 1018 841 1071 matre
858 1006 957 1088 Antje
981 1028 999 1069 e
1023 1015 1121 1088 gente
1137 1005 1305 1079 Hehocke,
1331 1025 1415 1088 quos
1438 1006 1498 1068 ad-

197 1120 260 1182 huc
293 1119 483 1202 superstites
511 1119 565 1202 pio
595 1119 704 1181 animo
734 1138 880 1184 veneror.
927 1117 1040 1179 Fidem
1076 1115 1231 1198 profiteor
1257 1117 1519 1196 evangelicam.-

196 1230 399 1294 Rudimentis
429 1229 605 1292 litterarum
636 1230 668 1290 in
697 1229 759 1291 vici
783 1228 894 1291 schola
917 1228 1061 1290 imbutus
1085 1227 1247 1291 decimum
1270 1229 1420 1308 quintum
1443 1247 1496 1288 ae-

158 1340 161 1347 ’
195 1340 270 1402 tatis
285 1359 405 1402 aunum
421 1339 485 1402 iam
502 1359 605 1421 agens
621 1359 697 1402 vere
713 1339 788 1402 anni
809 1341 892 1418 1870
916 1341 947 1401 in
964 1337 1097 1402 scholae
1114 1339 1218 1412 realis,
1245 1358 1328 1418 qnae
1348 1348 1496 1414 vocatur,
1522 1336 1530 1352 ⁸

195 1450 374 1512 Marnensis
405 1450 553 1512 ordinem
583 1449 730 1513 infimum
753 1461 903 1531 receptus
930 1471 1020 1524 sum,
1053 1452 1143 1514 cuius
1175 1448 1306 1512 scholae
1341 1469 1497 1532 praecep-

196 1571 283 1623 tores
305 1561 387 1632 du0,
419 1560 524 1624 Freist
547 1571 580 1623 et
602 1560 820 1635 Knackstedt,
844 1561 968 1644 optime
993 1561 1033 1622 de
1058 1581 1110 1624 me
1141 1560 1245 1623 meriti
1275 1570 1367 1633 sunt,
1404 1560 1497 1641 quod

196 1680 344 1734 auctores
368 1670 445 1733 mihi
467 1669 594 1733 fuerunt
616 1671 736 1735 litteras
759 1671 958 1753 capessendi.
1003 1671 1093 1752 Quas
1115 1680 1151 1734 ut
1180 1651 1496 1754 capesseremsauc-

196 1792 308 1844 tumno
331 1783 405 1844 anni
436 1783 512 1860 1871
540 1782 572 1843 in
596 1783 755 1863 gymnasii
768 1780 1019 1855 MeldorfiensiS,
1046 1781 1135 1864 quod
1159 1781 1312 1844 Kolstero
1336 1782 1498 1844 directore

195 1902 264 1958 tum
288 1891 440 1964 florebat,
467 1912 550 1954 nunc
581 1890 755 1966 Lorenzi0‚
787 1893 923 1954 classem
953 1893 1081 1955 tertiam
1112 1900 1262 1978 receptus
1293 1912 1375 1954 sum.
1425 1891 1497 1954 Nee

195 2024 261 2066 non
296 2001 390 2066 huius
424 2002 556 2068 scholae
591 2003 751 2086 magistris
786 2003 981 2082 permultum
1013 2003 1136 2077 debeo,
1176 2003 1336 2083 imprimis
1365 2002 1498 2065 duobus

195 2115 278 2188 viris
303 2113 420 2176 Carolo
442 2113 541 2194 Mayo
565 2123 598 2176 et
622 2113 773 2176 Kolstero
798 2113 967 2187 directori,
993 2133 1132 2195 quorum
1155 2113 1206 2176 ille
1229 2132 1357 2175 summa
1380 2112 1495 2176 libera·

195 2203 299 2298 litate,
330 2224 385 2287 ubi
416 2225 556 2306 primum
593 2243 646 2286 me
668 2223 774 2295 novit,
807 2243 937 2304 semper
969 2244 1020 2286 me
1052 2224 1243 2306 discipulum
1268 2223 1408 2296 adiuvit,
1441 2223 1497 2286 hie

195 2337 294 2399 etiam
331 2354 415 2396 nunc
446 2334 547 2413 patris
578 2334 678 2397 instar
709 2352 762 2394 me
792 2332 883 2398 fovet
912 2343 944 2396 et
981 2335 1091 2398 omnia
1119 2335 1225 2400 studia
1255 2355 1328 2397 mea
1356 2334 1497 2398 consiliis

194 2443 361 2509 benevolis
383 2444 523 2507 adiuvat.

300 2545 389 2618 Vere*
409 2563 520 2618 autem
544 2555 619 2616 anni
648 2556 731 2635 1876
763 2555 954 2631 maturitatis
985 2556 1134 2618 examine
1166 2554 1354 2638 perfunctus
1376 2554 1496 2617 Kiliam

195 2687 248 2728 me
275 2666 412 2739 contuli,
451 2679 485 2727 ut
513 2665 627 2730 studiis
651 2664 854 2747 philologieis
878 2685 1013 2748 operam
1046 2665 1157 2728 darem
1186 2666 1295 2748 ibique
1326 2685 1385 2745 per
1415 2665 1497 2728 haee

196 2796 315 2840 novem
344 2776 510 2840 semestria
544 2774 671 2837 interlui
704 2775 822 2838 scholis
852 2798 901 2838 vv.
940 2777 993 2842 dd.
1030 2776 1190 2850 Lubbert,
1229 2774 1494 2851 Forchhammer‚

196 2887 295 2961 Blass‚
312 2886 444 2961 Pischel,
463 2885 587 2959 Hoeck‚
607 2882 745 2960 Sterroz‚
763 2887 862 2949 Heise
879 2886 1098 2970 philologieis,
1110 2907 1160 2952 vv.
1180 2886 1234 2953 dd.
1252 2885 1494 2967 Volquardsen,

195 2997 324 3072 Busolt,
358 2995 508 3062 Schirren
541 2995 720 3070 historicis,
754 3017 805 3058 vv.
831 2995 883 3058 dd.
910 2996 1069 3060 Thaulow
1091 3007 1123 3060 et
1146 2995 1318 3058 Ptleiderer
1353 2995 1494 3075 philoso-

197 3109 309 3191 phicis,
334 3126 390 3175 vvg
410 3108 463 3171 dd.
488 3107 718 3170 Klostermann
743 3116 775 3181 et
799 3107 839 3168 H.
867 3107 1058 3170 Ludcmann
1082 3107 1283 3189 theologicis,
1323 3105 1494 3169 Seminarii

197 3220 384 3301 philologici
401 3240 459 3302 per
482 3218 548 3280 duo
570 3219 735 3280 semestria
758 3218 801 3281 fui
823 3219 941 3281 sodalis
966 3217 1248 3291 extraordinarius
1273 3217 1414 3279 historici
1432 3237 1493 3298 per

202 3350 300 3392 unum
324 3338 479 3392 semestre
502 3328 622 3391 sodalis
646 3329 937 3401 extraordinarius,
971 3328 1089 3391 deinde
1113 3327 1277 3408 utriusque
1293 3347 1352 3408 per
1367 3335 1495 3409 septem

199 3439 369 3502 semestria
395 3438 514 3501 sodalis
537 3439 724 3502 ordinarius.
773 3440 932 3502 Examine
956 3439 1111 3520 rigorose,
1148 3437 1235 3518 quod
1258 3448 1402 3511 vocatur,
1426 3459 1495 3521 per·

201 3550 329 3613 Iunctus
351 3569 423 3611 sum
446 3549 497 3611 die
520 3549 611 3612 XXII
636 3551 754 3612 mensis
777 3549 1068 3614 Decembris'anni
1098 3550 1190 3621 1880,
1214 3549 1362 3611 examine
1385 3558 1493 3611 autem
1517 3562 1520 3570 ’

198 3679 258 3742 pro
282 3658 432 3721 facultate
455 3659 593 3723 docendi
617 3659 669 3723 die
691 3659 750 3722 XII
773 3661 891 3723 mensis
915 3659 1081 3723 Februarii
1108 3661 1200 3721 1881.
1314 3679 1316 3684 ·

303 3769 453 3850 Denique
486 3768 549 3832 hoc
582 3771 654 3833 loeo
688 3771 839 3834 omnibus
872 3770 947 3832 viris
981 3769 1170 3842 nominatis,
1206 3790 1344 3851 quorum
1375 3769 1493 3833 scholis

197 3877 336 3953 interfui,
367 3898 509 3941 summas
532 3900 597 3960 ago
620 3882 755 3961 gratias,
788 3882 842 3963 qui
865 3901 980 3943 omnes
1002 3880 1126 3962 optime
1150 3881 1191 3942 de
1215 3901 1267 3942 me
1290 3880 1395 3942 meriti
1417 3891 1493 3943 sunt

198 3999 231 4052 et
254 4009 368 4052 omnes
388 3998 559 4072 tantopere
576 3990 652 4053 mihi
669 3989 825 4064 faverunt,
851 4000 894 4065 ut,
917 3990 967 4055 eui
984 3990 1130 4053 omnium
1147 3990 1321 4070 plurimum
1343 3989 1490 4065 debeam,

199 4101 348 4163 nesciam.
396 4099 552 4163 Omnium
576 4121 688 4163 eorum
713 4119 791 4182 erga
814 4121 865 4164 me
889 4101 1078 4164 meritorum
1102 4101 1292 4165 memoriam
1317 4100 1401 4165 nulla
1423 4121 1491 4164 um-

198 4231 297 4297 quam
322 4209 442 4275 delebit
465 4210 594 4278 oblivi0.

1664 1971 1666 2096 l

1665 2395 1666 2478 l

1665 2785 1666 2865 l

1665 3517 1666 3608 1

1644 3744 1647 3759 ¹
