<?xml version="1.0" encoding="UTF-8"?>
<!DOCTYPE html PUBLIC "-//W3C//DTD XHTML 1.0 Transitional//EN"
    "http://www.w3.org/TR/xhtml1/DTD/xhtml1-transitional.dtd">
<html xmlns="http://www.w3.org/1999/xhtml" xml:lang="en" lang="en">
 <head>
  <title>
</title>
<meta http-equiv="Content-Type" content="text/html;charset=utf-8" />
  <meta name='ocr-system' content='tesseract 3.04.00' />
  <meta name='ocr-capabilities' content='ocr_page ocr_carea ocr_par ocr_line ocrx_word'/>
</head>
<body>
  <div class='ocr_page' id='page_1' title='image "./deamnestiaannoc00luebgoog_0090.png"; bbox 0 0 3402 5172; ppageno 0'>
   <div class='ocr_carea' id='block_1_1' title="bbox 805 266 843 338">
    <p class='ocr_par' dir='ltr' id='par_1_1' title="bbox 805 266 843 338">
     <span class='ocr_line' id='line_1_1' title="bbox 805 266 843 338; baseline 0 0"><span class='ocrx_word' id='word_1_1' title='bbox 805 266 843 338; x_wconf 81' lang='grc'>35</span> 
     </span>
    </p>
   </div>
   <div class='ocr_carea' id='block_1_2' title="bbox 164 474 1476 4425">
    <p class='ocr_par' dir='ltr' id='par_1_2' title="bbox 165 474 1469 1220">
     <span class='ocr_line' id='line_1_2' title="bbox 168 474 1468 566; baseline -0.002 -26"><span class='ocrx_word' id='word_1_2' title='bbox 168 479 262 542; x_wconf 89' lang='lat' dir='ltr'>sania</span> <span class='ocrx_word' id='word_1_3' title='bbox 286 490 417 544; x_wconf 88' lang='lat' dir='ltr'>auctore</span> <span class='ocrx_word' id='word_1_4' title='bbox 442 478 525 542; x_wconf 80' lang='lat' dir='ltr'>iacta</span> <span class='ocrx_word' id='word_1_5' title='bbox 550 479 678 559; x_wconf 88' lang='lat' dir='ltr'>incepta</span> <span class='ocrx_word' id='word_1_6' title='bbox 702 485 779 550; x_wconf 90' lang='lat' dir='ltr'>erat,</span> <span class='ocrx_word' id='word_1_7' title='bbox 803 474 967 566; x_wconf 84' lang='lat' dir='ltr'>aliquanto</span> <span class='ocrx_word' id='word_1_8' title='bbox 986 474 1143 554; x_wconf 88' lang='lat' dir='ltr'>temporis</span> <span class='ocrx_word' id='word_1_9' title='bbox 1160 485 1275 556; x_wconf 90' lang='lat' dir='ltr'>postea</span> <span class='ocrx_word' id='word_1_10' title='bbox 1292 475 1468 538; x_wconf 87' lang='lat' dir='ltr'>amnestiae</span> 
     </span>
     <span class='ocr_line' id='line_1_3' title="bbox 168 583 1466 672; baseline -0.004 -22"><span class='ocrx_word' id='word_1_11' title='bbox 168 590 376 652; x_wconf 88' lang='lat' dir='ltr'>iureiurando</span> <span class='ocrx_word' id='word_1_12' title='bbox 400 589 526 672; x_wconf 81' lang='lat' dir='ltr'>firmata</span> <span class='ocrx_word' id='word_1_13' title='bbox 556 598 588 650; x_wconf 88' lang='lat' dir='ltr'>et</span> <span class='ocrx_word' id='word_1_14' title='bbox 612 585 653 649; x_wconf 89' lang='lat' dir='ltr'>ad</span> <span class='ocrx_word' id='word_1_15' title='bbox 677 603 840 648; x_wconf 90' lang='lat' dir='ltr'>summum</span> <span class='ocrx_word' id='word_1_16' title='bbox 868 586 959 668; x_wconf 84' lang='lat' dir='ltr'>quasi</span> <span class='ocrx_word' id='word_1_17' title='bbox 984 583 1081 648; x_wconf 86' lang='lat' dir='ltr'>finem</span> <span class='ocrx_word' id='word_1_18' title='bbox 1106 586 1262 664; x_wconf 89' lang='lat' dir='ltr'>perducta</span> <span class='ocrx_word' id='word_1_19' title='bbox 1285 595 1342 654; x_wconf 86' lang='lat' dir='ltr'>est,</span> <span class='ocrx_word' id='word_1_20' title='bbox 1369 603 1466 664; x_wconf 90' lang='lat' dir='ltr'>quam</span> 
     </span>
     <span class='ocr_line' id='line_1_4' title="bbox 167 695 1467 778; baseline -0.005 -16"><span class='ocrx_word' id='word_1_21' title='bbox 167 701 195 762; x_wconf 93' lang='lat' dir='ltr'>si</span> <span class='ocrx_word' id='word_1_22' title='bbox 228 701 347 763; x_wconf 89' lang='lat' dir='ltr'>eodem</span> <span class='ocrx_word' id='word_1_23' title='bbox 373 700 433 773; x_wconf 91' lang='lat' dir='ltr'>die,</span> <span class='ocrx_word' id='word_1_24' title='bbox 470 719 535 778; x_wconf 90' lang='lat' dir='ltr'>quo</span> <span class='ocrx_word' id='word_1_25' title='bbox 565 697 736 770; x_wconf 89' lang='lat' dir='ltr'>redierunt,</span> <span class='ocrx_word' id='word_1_26' title='bbox 768 717 815 769; x_wconf 88' lang='lat' dir='ltr'>ea,</span> <span class='ocrx_word' id='word_1_27' title='bbox 848 715 932 776; x_wconf 87' lang='lat' dir='ltr'>quae</span> <span class='ocrx_word' id='word_1_28' title='bbox 956 695 1160 760; x_wconf 87' lang='lat' dir='ltr'>iureiurando</span> <span class='ocrx_word' id='word_1_29' title='bbox 1192 695 1367 758; x_wconf 88' lang='lat' dir='ltr'>sancienda</span> <span class='ocrx_word' id='word_1_30' title='bbox 1397 714 1467 756; x_wconf 90' lang='lat' dir='ltr'>esse</span> 
     </span>
     <span class='ocr_line' id='line_1_5' title="bbox 168 804 1469 887; baseline -0.002 -17"><span class='ocrx_word' id='word_1_31' title='bbox 168 811 234 874; x_wconf 90' lang='lat' dir='ltr'>iam</span> <span class='ocrx_word' id='word_1_32' title='bbox 258 819 464 882; x_wconf 90' lang='lat' dir='ltr'>convenerat,</span> <span class='ocrx_word' id='word_1_33' title='bbox 496 816 679 872; x_wconf 88' lang='lat' dir='ltr'>sanxerunt.</span> <span class='ocrx_word' id='word_1_34' title='bbox 726 806 842 887; x_wconf 86' lang='lat' dir='ltr'>Neque</span> <span class='ocrx_word' id='word_1_35' title='bbox 873 815 931 880; x_wconf 89' lang='lat' dir='ltr'>est,</span> <span class='ocrx_word' id='word_1_36' title='bbox 958 804 1046 886; x_wconf 89' lang='lat' dir='ltr'>quod</span> <span class='ocrx_word' id='word_1_37' title='bbox 1079 805 1282 868; x_wconf 85' lang='lat' dir='ltr'>offendamus</span> <span class='ocrx_word' id='word_1_38' title='bbox 1313 805 1344 867; x_wconf 91' lang='lat' dir='ltr'>in</span> <span class='ocrx_word' id='word_1_39' title='bbox 1367 805 1469 868; x_wconf 93' lang='lat' dir='ltr'>verbo</span> 
     </span>
     <span class='ocr_line' id='line_1_6' title="bbox 170 913 1469 1004; baseline -0.002 -25"><span class='ocrx_word' id='word_1_40' title='bbox 170 913 481 1004; x_wconf 72' lang='grc' dir='ltr'><em>ιὼμολογημένοιςκ,</em></span> <span class='ocrx_word' id='word_1_41' title='bbox 498 939 573 982; x_wconf 88' lang='lat' dir='ltr'>nam</span> <span class='ocrx_word' id='word_1_42' title='bbox 595 918 753 981; x_wconf 82' lang='lat' dir='ltr'>amnestia</span> <span class='ocrx_word' id='word_1_43' title='bbox 769 918 899 980; x_wconf 88' lang='lat' dir='ltr'>decreta</span> <span class='ocrx_word' id='word_1_44' title='bbox 921 937 968 990; x_wconf 90' lang='lat' dir='ltr'>ea,</span> <span class='ocrx_word' id='word_1_45' title='bbox 994 936 1077 996; x_wconf 88' lang='lat' dir='ltr'>quae</span> <span class='ocrx_word' id='word_1_46' title='bbox 1101 917 1184 977; x_wconf 88' lang='lat' dir='ltr'>inter</span> <span class='ocrx_word' id='word_1_47' title='bbox 1206 916 1288 978; x_wconf 90' lang='lat' dir='ltr'>duas</span> <span class='ocrx_word' id='word_1_48' title='bbox 1312 915 1469 979; x_wconf 87' lang='lat' dir='ltr'>factiones</span> 
     </span>
     <span class='ocr_line' id='line_1_7' title="bbox 165 1027 1468 1111; baseline -0.002 -21"><span class='ocrx_word' id='word_1_49' title='bbox 165 1039 249 1092; x_wconf 88' lang='lat' dir='ltr'>ante</span> <span class='ocrx_word' id='word_1_50' title='bbox 264 1031 402 1093; x_wconf 90' lang='lat' dir='ltr'>reditum</span> <span class='ocrx_word' id='word_1_51' title='bbox 426 1030 556 1092; x_wconf 88' lang='lat' dir='ltr'>alterius</span> <span class='ocrx_word' id='word_1_52' title='bbox 571 1029 669 1111; x_wconf 84' lang='lat' dir='ltr'>partis</span> <span class='ocrx_word' id='word_1_53' title='bbox 692 1037 920 1100; x_wconf 86' lang='lat' dir='ltr'>convenerant,</span> <span class='ocrx_word' id='word_1_54' title='bbox 940 1027 959 1092; x_wconf 91' lang='lat' dir='ltr'>i.</span> <span class='ocrx_word' id='word_1_55' title='bbox 976 1047 1004 1091; x_wconf 89' lang='lat' dir='ltr'>e.</span> <span class='ocrx_word' id='word_1_56' title='bbox 1030 1027 1239 1089; x_wconf 83' lang='lat' dir='ltr'>concordiam</span> <span class='ocrx_word' id='word_1_57' title='bbox 1255 1027 1337 1089; x_wconf 88' lang='lat' dir='ltr'>inter</span> <span class='ocrx_word' id='word_1_58' title='bbox 1354 1045 1468 1089; x_wconf 87' lang='lat' dir='ltr'>omnes</span> 
     </span>
     <span class='ocr_line' id='line_1_8' title="bbox 165 1123 1377 1220; baseline 0.002 -22"><span class='ocrx_word' id='word_1_59' title='bbox 165 1136 261 1198; x_wconf 89' lang='lat' dir='ltr'>cives</span> <span class='ocrx_word' id='word_1_60' title='bbox 283 1137 476 1200; x_wconf 88' lang='lat' dir='ltr'>servandam</span> <span class='ocrx_word' id='word_1_61' title='bbox 501 1157 581 1209; x_wconf 90' lang='lat' dir='ltr'>esse,</span> <span class='ocrx_word' id='word_1_62' title='bbox 606 1139 710 1220; x_wconf 84' lang='lat' dir='ltr'>magis</span> <span class='ocrx_word' id='word_1_63' title='bbox 733 1137 859 1204; x_wconf 84' lang='lat' dir='ltr'>firmata</span> <span class='ocrx_word' id='word_1_64' title='bbox 883 1157 953 1201; x_wconf 86' lang='lat' dir='ltr'>esse</span> <span class='ocrx_word' id='word_1_65' title='bbox 978 1123 1074 1200; x_wconf 84' lang='lat' dir='ltr'>nemo</span> <span class='ocrx_word' id='word_1_66' title='bbox 1098 1137 1167 1209; x_wconf 84' lang='lat' dir='ltr'>erit,</span> <span class='ocrx_word' id='word_1_67' title='bbox 1192 1137 1246 1218; x_wconf 93' lang='lat' dir='ltr'>qui</span> <span class='ocrx_word' id='word_1_68' title='bbox 1270 1147 1377 1216; x_wconf 80' lang='lat' dir='ltr'>neget.</span> 
     </span>
    </p>

    <p class='ocr_par' dir='ltr' id='par_1_3' title="bbox 164 1245 1469 2101">
     <span class='ocr_line' id='line_1_9' title="bbox 193 1245 1469 1310; baseline 0.001 -3"><span class='ocrx_word' id='word_1_69' title='bbox 193 1297 200 1306; x_wconf 92' lang='lat'>.</span> <span class='ocrx_word' id='word_1_70' title='bbox 282 1247 337 1308; x_wconf 86' lang='lat' dir='ltr'>Ad</span> <span class='ocrx_word' id='word_1_71' title='bbox 373 1246 455 1308; x_wconf 89' lang='lat' dir='ltr'>haec</span> <span class='ocrx_word' id='word_1_72' title='bbox 479 1245 616 1310; x_wconf 89' lang='lat' dir='ltr'>Grosser</span> <span class='ocrx_word' id='word_1_73' title='bbox 649 1249 773 1310; x_wconf 82' lang='lat' dir='ltr'>addidit</span> <span class='ocrx_word' id='word_1_74' title='bbox 806 1267 906 1310; x_wconf 90' lang='lat' dir='ltr'>unum</span> <span class='ocrx_word' id='word_1_75' title='bbox 939 1247 1124 1310; x_wconf 82' lang='lat' dir='ltr'>locumex</span> <span class='ocrx_word' id='word_1_76' title='bbox 1153 1247 1297 1309; x_wconf 89' lang='lat' dir='ltr'>eiusdem</span> <span class='ocrx_word' id='word_1_77' title='bbox 1321 1247 1469 1308; x_wconf 88' lang='lat' dir='ltr'>Isocratis</span> 
     </span>
     <span class='ocr_line' id='line_1_10' title="bbox 165 1351 1468 1444; baseline 0 -26"><span class='ocrx_word' id='word_1_78' title='bbox 165 1357 318 1420; x_wconf 87' lang='lat' dir='ltr'>oratione</span> <span class='ocrx_word' id='word_1_79' title='bbox 341 1356 419 1418; x_wconf 90' lang='lat' dir='ltr'>XVI</span> <span class='ocrx_word' id='word_1_80' title='bbox 443 1357 589 1439; x_wconf 87' lang='lat' dir='ltr'>petitum,</span> <span class='ocrx_word' id='word_1_81' title='bbox 618 1361 720 1438; x_wconf 78' lang='lat'>§43:</span> <span class='ocrx_word' id='word_1_82' title='bbox 756 1361 892 1444; x_wconf 76' lang='grc' dir='ltr'><strong><em>»τολμᾷς</em></strong></span> <span class='ocrx_word' id='word_1_83' title='bbox 920 1351 1040 1440; x_wconf 73' lang='grc' dir='ltr'><em>ἑτέροις</em></span> <span class='ocrx_word' id='word_1_84' title='bbox 1067 1368 1277 1440; x_wconf 81' lang='grc' dir='ltr'><em>μνησικακεῖν</em></span> <span class='ocrx_word' id='word_1_85' title='bbox 1316 1357 1371 1420; x_wconf 90' lang='grc' dir='ltr'>καὶ</span> <span class='ocrx_word' id='word_1_86' title='bbox 1408 1351 1468 1419; x_wconf 80' lang='grc' dir='ltr'>οὐκ</span> 
     </span>
     <span class='ocr_line' id='line_1_11' title="bbox 164 1463 1467 1552; baseline 0.002 -24"><span class='ocrx_word' id='word_1_87' title='bbox 164 1465 313 1548; x_wconf 77' lang='grc' dir='ltr'><em>αἰσχύνει</em></span> <span class='ocrx_word' id='word_1_88' title='bbox 336 1463 397 1540; x_wconf 76' lang='grc' dir='ltr'>τὰς</span> <span class='ocrx_word' id='word_1_89' title='bbox 428 1467 597 1550; x_wconf 68' lang='grc' dir='ltr'><em>συνθήκας</em></span> <span class='ocrx_word' id='word_1_90' title='bbox 626 1470 851 1552; x_wconf 77' lang='grc' dir='ltr'><em>παραβαίνων,</em></span> <span class='ocrx_word' id='word_1_91' title='bbox 876 1463 916 1530; x_wconf 76' lang='grc' dir='ltr'>δι’</span> <span class='ocrx_word' id='word_1_92' title='bbox 941 1463 980 1541; x_wconf 77' lang='grc' dir='ltr'>ἃς</span> <span class='ocrx_word' id='word_1_93' title='bbox 1003 1463 1102 1540; x_wconf 80' lang='grc' dir='ltr'><em>αὐτὸς</em></span> <span class='ocrx_word' id='word_1_94' title='bbox 1132 1466 1229 1540; x_wconf 79' lang='grc' dir='ltr'><em>οἰκεῖς</em></span> <span class='ocrx_word' id='word_1_95' title='bbox 1251 1465 1314 1550; x_wconf 76' lang='grc' dir='ltr'>τὴν</span> <span class='ocrx_word' id='word_1_96' title='bbox 1337 1464 1467 1531; x_wconf 69' lang='lat' dir='ltr'>aditam.</span> 
     </span>
     <span class='ocr_line' id='line_1_12' title="bbox 165 1576 1465 1662; baseline 0 -24"><span class='ocrx_word' id='word_1_97' title='bbox 165 1577 286 1655; x_wconf 87' lang='lat' dir='ltr'>Neque</span> <span class='ocrx_word' id='word_1_98' title='bbox 306 1576 386 1639; x_wconf 93' lang='lat' dir='ltr'>haec</span> <span class='ocrx_word' id='word_1_99' title='bbox 410 1597 501 1640; x_wconf 87' lang='lat' dir='ltr'>meae</span> <span class='ocrx_word' id='word_1_100' title='bbox 525 1577 706 1641; x_wconf 89' lang='lat' dir='ltr'>s&#39;ententiae</span> <span class='ocrx_word' id='word_1_101' title='bbox 729 1577 957 1662; x_wconf 87' lang='lat' dir='ltr'>obloquuntur,</span> <span class='ocrx_word' id='word_1_102' title='bbox 982 1597 1067 1649; x_wconf 90' lang='lat' dir='ltr'>nam,</span> <span class='ocrx_word' id='word_1_103' title='bbox 1093 1578 1168 1661; x_wconf 89' lang='lat' dir='ltr'>quia</span> <span class='ocrx_word' id='word_1_104' title='bbox 1198 1577 1405 1639; x_wconf 89' lang='lat' dir='ltr'>condiciones</span> <span class='ocrx_word' id='word_1_105' title='bbox 1435 1597 1465 1638; x_wconf 88' lang='lat' dir='ltr'>a·</span> 
     </span>
     <span class='ocr_line' id='line_1_13' title="bbox 168 1686 1466 1769; baseline 0 -21"><span class='ocrx_word' id='word_1_106' title='bbox 168 1688 329 1750; x_wconf 87' lang='lat' dir='ltr'>mnestiae</span> <span class='ocrx_word' id='word_1_107' title='bbox 364 1687 568 1752; x_wconf 89' lang='lat' dir='ltr'>iureiurando</span> <span class='ocrx_word' id='word_1_108' title='bbox 601 1699 732 1752; x_wconf 85' lang='lat' dir='ltr'>sanctae</span> <span class='ocrx_word' id='word_1_109' title='bbox 768 1689 858 1767; x_wconf 83' lang='lat' dir='ltr'>pacis</span> <span class='ocrx_word' id='word_1_110' title='bbox 892 1689 1100 1751; x_wconf 87' lang='lat' dir='ltr'>condiciones</span> <span class='ocrx_word' id='word_1_111' title='bbox 1134 1686 1466 1769; x_wconf 81' lang='lat' dir='ltr'>comprehendebant,</span> 
     </span>
     <span class='ocr_line' id='line_1_14' title="bbox 167 1796 1468 1882; baseline 0.002 -24"><span class='ocrx_word' id='word_1_112' title='bbox 167 1796 280 1858; x_wconf 87' lang='lat' dir='ltr'>Tisias</span> <span class='ocrx_word' id='word_1_113' title='bbox 297 1807 431 1879; x_wconf 87' lang='lat' dir='ltr'>propter</span> <span class='ocrx_word' id='word_1_114' title='bbox 446 1798 616 1882; x_wconf 75' lang='grc' dir='ltr'><em>συνθήκας</em></span> <span class='ocrx_word' id='word_1_115' title='bbox 640 1800 670 1860; x_wconf 93' lang='lat' dir='ltr'>in</span> <span class='ocrx_word' id='word_1_116' title='bbox 688 1801 767 1862; x_wconf 91' lang='lat' dir='ltr'>urbe</span> <span class='ocrx_word' id='word_1_117' title='bbox 783 1799 929 1862; x_wconf 87' lang='lat' dir='ltr'>habitare</span> <span class='ocrx_word' id='word_1_118' title='bbox 946 1800 1008 1862; x_wconf 93' lang='lat' dir='ltr'>dici</span> <span class='ocrx_word' id='word_1_119' title='bbox 1024 1799 1142 1880; x_wconf 90' lang='lat' dir='ltr'>potuit,</span> <span class='ocrx_word' id='word_1_120' title='bbox 1167 1798 1344 1860; x_wconf 87' lang='lat' dir='ltr'>rectissime</span> <span class='ocrx_word' id='word_1_121' title='bbox 1360 1807 1468 1860; x_wconf 89' lang='lat' dir='ltr'>autem</span> 
     </span>
     <span class='ocr_line' id='line_1_15' title="bbox 168 1907 1468 1988; baseline 0.002 -20"><span class='ocrx_word' id='word_1_122' title='bbox 168 1907 297 1980; x_wconf 86' lang='lat' dir='ltr'>dicitur,</span> <span class='ocrx_word' id='word_1_123' title='bbox 332 1907 407 1988; x_wconf 87' lang='lat' dir='ltr'>quia</span> <span class='ocrx_word' id='word_1_124' title='bbox 436 1909 515 1971; x_wconf 90' lang='lat' dir='ltr'>haec</span> <span class='ocrx_word' id='word_1_125' title='bbox 544 1919 592 1971; x_wconf 89' lang='lat' dir='ltr'>est</span> <span class='ocrx_word' id='word_1_126' title='bbox 623 1911 799 1977; x_wconf 91' lang='lat' dir='ltr'>sententia:</span> <span class='ocrx_word' id='word_1_127' title='bbox 831 1911 890 1972; x_wconf 91' lang='lat' dir='ltr'>nisi</span> <span class='ocrx_word' id='word_1_128' title='bbox 915 1910 1072 1972; x_wconf 87' lang='lat' dir='ltr'>amnestia</span> <span class='ocrx_word' id='word_1_129' title='bbox 1095 1909 1225 1970; x_wconf 89' lang='lat' dir='ltr'>decreta</span> <span class='ocrx_word' id='word_1_130' title='bbox 1249 1907 1390 1970; x_wconf 87' lang='lat' dir='ltr'>facinora</span> <span class='ocrx_word' id='word_1_131' title='bbox 1411 1917 1468 1970; x_wconf 89' lang='lat' dir='ltr'>tua</span> 
     </span>
     <span class='ocr_line' id='line_1_16' title="bbox 169 2017 1224 2101; baseline 0.003 -21"><span class='ocrx_word' id='word_1_132' title='bbox 169 2017 327 2080; x_wconf 90' lang='lat' dir='ltr'>oblivioni</span> <span class='ocrx_word' id='word_1_133' title='bbox 352 2019 430 2082; x_wconf 92' lang='lat' dir='ltr'>data</span> <span class='ocrx_word' id='word_1_134' title='bbox 454 2030 574 2092; x_wconf 87' lang='lat' dir='ltr'>essent,</span> <span class='ocrx_word' id='word_1_135' title='bbox 599 2021 669 2101; x_wconf 88' lang='lat' dir='ltr'>ipse</span> <span class='ocrx_word' id='word_1_136' title='bbox 693 2039 757 2082; x_wconf 93' lang='lat' dir='ltr'>non</span> <span class='ocrx_word' id='word_1_137' title='bbox 782 2030 869 2082; x_wconf 91' lang='lat' dir='ltr'>tutus</span> <span class='ocrx_word' id='word_1_138' title='bbox 896 2021 926 2082; x_wconf 95' lang='lat' dir='ltr'>in</span> <span class='ocrx_word' id='word_1_139' title='bbox 950 2020 1027 2082; x_wconf 90' lang='lat' dir='ltr'>urbe</span> <span class='ocrx_word' id='word_1_140' title='bbox 1051 2018 1224 2083; x_wconf 82' lang='lat' dir='ltr'>habitares</span> 
     </span>
    </p>

    <p class='ocr_par' dir='ltr' id='par_1_4' title="bbox 166 2127 1476 4425">
     <span class='ocr_line' id='line_1_17' title="bbox 278 2127 1468 2208; baseline -0.002 -18"><span class='ocrx_word' id='word_1_141' title='bbox 278 2129 404 2208; x_wconf 84' lang='lat' dir='ltr'>Quibus</span> <span class='ocrx_word' id='word_1_142' title='bbox 436 2129 666 2198; x_wconf 86' lang='lat' dir='ltr'>demonstratis</span> <span class='ocrx_word' id='word_1_143' title='bbox 696 2138 803 2201; x_wconf 88' lang='lat' dir='ltr'>restat,</span> <span class='ocrx_word' id='word_1_144' title='bbox 835 2139 871 2190; x_wconf 92' lang='lat' dir='ltr'>ut</span> <span class='ocrx_word' id='word_1_145' title='bbox 900 2147 1101 2207; x_wconf 85' lang='lat' dir='ltr'>quaeramus,</span> <span class='ocrx_word' id='word_1_146' title='bbox 1133 2147 1210 2190; x_wconf 91' lang='lat' dir='ltr'>num</span> <span class='ocrx_word' id='word_1_147' title='bbox 1234 2127 1296 2190; x_wconf 91' lang='lat' dir='ltr'>hac</span> <span class='ocrx_word' id='word_1_148' title='bbox 1319 2147 1417 2190; x_wconf 89' lang='lat' dir='ltr'>causa</span> <span class='ocrx_word' id='word_1_149' title='bbox 1438 2147 1468 2188; x_wconf 90' lang='lat' dir='ltr'>a·</span> 
     </span>
     <span class='ocr_line' id='line_1_18' title="bbox 170 2236 1468 2322; baseline -0.002 -22"><span class='ocrx_word' id='word_1_150' title='bbox 170 2239 310 2301; x_wconf 91' lang='lat' dir='ltr'>mnestia</span> <span class='ocrx_word' id='word_1_151' title='bbox 341 2240 427 2303; x_wconf 88' lang='lat' dir='ltr'>laesa</span> <span class='ocrx_word' id='word_1_152' title='bbox 457 2242 508 2306; x_wconf 89' lang='lat' dir='ltr'>sit.</span> <span class='ocrx_word' id='word_1_153' title='bbox 556 2240 733 2312; x_wconf 73' lang='lat' dir='ltr'>Nescimus</span> <span class='ocrx_word' id='word_1_154' title='bbox 766 2239 883 2322; x_wconf 89' lang='lat' dir='ltr'>quibus</span> <span class='ocrx_word' id='word_1_155' title='bbox 916 2239 1114 2320; x_wconf 84' lang='lat' dir='ltr'>argumentis</span> <span class='ocrx_word' id='word_1_156' title='bbox 1147 2236 1362 2300; x_wconf 81' lang='lat' dir='ltr'>Callimachus</span> <span class='ocrx_word' id='word_1_157' title='bbox 1385 2237 1468 2298; x_wconf 89' lang='lat' dir='ltr'>hanc</span> 
     </span>
     <span class='ocr_line' id='line_1_19' title="bbox 171 2348 1468 2432; baseline -0.001 -22"><span class='ocrx_word' id='word_1_158' title='bbox 171 2351 398 2432; x_wconf 87' lang='lat' dir='ltr'>exceptionem</span> <span class='ocrx_word' id='word_1_159' title='bbox 415 2350 557 2413; x_wconf 87' lang='lat' dir='ltr'>refellere</span> <span class='ocrx_word' id='word_1_160' title='bbox 574 2359 709 2414; x_wconf 87' lang='lat' dir='ltr'>conatus</span> <span class='ocrx_word' id='word_1_161' title='bbox 725 2350 774 2422; x_wconf 85' lang='lat' dir='ltr'>sit,</span> <span class='ocrx_word' id='word_1_162' title='bbox 799 2351 866 2422; x_wconf 91' lang='lat' dir='ltr'>sed,</span> <span class='ocrx_word' id='word_1_163' title='bbox 885 2349 1114 2431; x_wconf 90' lang='lat' dir='ltr'>quodcumque</span> <span class='ocrx_word' id='word_1_164' title='bbox 1131 2348 1221 2422; x_wconf 87' lang='lat' dir='ltr'>dixit,</span> <span class='ocrx_word' id='word_1_165' title='bbox 1239 2348 1374 2416; x_wconf 90' lang='lat' dir='ltr'>dubium</span> <span class='ocrx_word' id='word_1_166' title='bbox 1397 2367 1468 2410; x_wconf 88' lang='lat' dir='ltr'>esse</span> 
     </span>
     <span class='ocr_line' id='line_1_20' title="bbox 171 2459 1465 2541; baseline 0.002 -23"><span class='ocrx_word' id='word_1_167' title='bbox 171 2477 236 2518; x_wconf 91' lang='lat' dir='ltr'>non</span> <span class='ocrx_word' id='word_1_168' title='bbox 253 2466 371 2539; x_wconf 87' lang='lat' dir='ltr'>potest,</span> <span class='ocrx_word' id='word_1_169' title='bbox 397 2459 472 2537; x_wconf 90' lang='lat' dir='ltr'>quin</span> <span class='ocrx_word' id='word_1_170' title='bbox 496 2459 652 2525; x_wconf 87' lang='lat' dir='ltr'>adversus</span> <span class='ocrx_word' id='word_1_171' title='bbox 668 2461 861 2522; x_wconf 87' lang='lat' dir='ltr'>amnestiam</span> <span class='ocrx_word' id='word_1_172' title='bbox 877 2480 962 2534; x_wconf 89' lang='lat' dir='ltr'>eum,</span> <span class='ocrx_word' id='word_1_173' title='bbox 986 2461 1039 2541; x_wconf 93' lang='lat' dir='ltr'>qui</span> <span class='ocrx_word' id='word_1_174' title='bbox 1064 2459 1146 2522; x_wconf 89' lang='lat' dir='ltr'>hanc</span> <span class='ocrx_word' id='word_1_175' title='bbox 1162 2461 1342 2522; x_wconf 88' lang='lat' dir='ltr'>orationem</span> <span class='ocrx_word' id='word_1_176' title='bbox 1357 2459 1465 2532; x_wconf 89' lang='lat' dir='ltr'>habet,</span> 
     </span>
     <span class='ocr_line' id='line_1_21' title="bbox 169 2569 1467 2654; baseline 0 -24"><span class='ocrx_word' id='word_1_177' title='bbox 169 2569 379 2636; x_wconf 89' lang='lat' dir='ltr'>accusaverit.</span> <span class='ocrx_word' id='word_1_178' title='bbox 427 2569 477 2632; x_wconf 87' lang='lat' dir='ltr'>Eo</span> <span class='ocrx_word' id='word_1_179' title='bbox 500 2571 585 2633; x_wconf 90' lang='lat' dir='ltr'>enim</span> <span class='ocrx_word' id='word_1_180' title='bbox 608 2580 767 2652; x_wconf 88' lang='lat' dir='ltr'>tempore,</span> <span class='ocrx_word' id='word_1_181' title='bbox 799 2590 865 2651; x_wconf 92' lang='lat' dir='ltr'>quo</span> <span class='ocrx_word' id='word_1_182' title='bbox 897 2571 1105 2654; x_wconf 86' lang='lat' dir='ltr'>trigintaviris</span> <span class='ocrx_word' id='word_1_183' title='bbox 1128 2569 1271 2651; x_wconf 86' lang='lat' dir='ltr'>expulsis</span> <span class='ocrx_word' id='word_1_184' title='bbox 1295 2571 1467 2632; x_wconf 89' lang='lat' dir='ltr'>decemviri</span> 
     </span>
     <span class='ocr_line' id='line_1_22' title="bbox 170 2663 1476 2764; baseline 0.002 -24"><span class='ocrx_word' id='word_1_185' title='bbox 170 2679 333 2742; x_wconf 88' lang='lat' dir='ltr'>civitatem</span> <span class='ocrx_word' id='word_1_186' title='bbox 357 2680 638 2756; x_wconf 88' lang='lat' dir='ltr'>administrabant,</span> <span class='ocrx_word' id='word_1_187' title='bbox 666 2680 873 2757; x_wconf 90' lang='lat' dir='ltr'>Callimacho,</span> <span class='ocrx_word' id='word_1_188' title='bbox 898 2682 952 2764; x_wconf 94' lang='lat' dir='ltr'>qui</span> <span class='ocrx_word' id='word_1_189' title='bbox 975 2691 1043 2744; x_wconf 90' lang='lat' dir='ltr'>tum</span> <span class='ocrx_word' id='word_1_190' title='bbox 1075 2682 1105 2742; x_wconf 94' lang='lat' dir='ltr'>in</span> <span class='ocrx_word' id='word_1_191' title='bbox 1137 2681 1217 2744; x_wconf 87' lang='lat' dir='ltr'>urbe</span> <span class='ocrx_word' id='word_1_192' title='bbox 1249 2691 1327 2754; x_wconf 90' lang='lat' dir='ltr'>erat,</span> <span class='ocrx_word' id='word_1_193' title='bbox 1352 2663 1476 2764; x_wconf 81' lang='lat' dir='ltr'>postea¹</span> 
     </span>
     <span class='ocr_line' id='line_1_23' title="bbox 166 2790 1465 2875; baseline 0.003 -25"><span class='ocrx_word' id='word_1_194' title='bbox 166 2790 207 2851; x_wconf 90' lang='lat' dir='ltr'>ad</span> <span class='ocrx_word' id='word_1_195' title='bbox 240 2790 367 2853; x_wconf 91' lang='lat' dir='ltr'>exsules</span> <span class='ocrx_word' id='word_1_196' title='bbox 401 2792 432 2854; x_wconf 93' lang='lat' dir='ltr'>in</span> <span class='ocrx_word' id='word_1_197' title='bbox 463 2792 631 2855; x_wconf 90' lang='lat' dir='ltr'>Piraeeum</span> <span class='ocrx_word' id='word_1_198' title='bbox 661 2792 754 2873; x_wconf 82' lang='lat' dir='ltr'>fugit,</span> <span class='ocrx_word' id='word_1_199' title='bbox 789 2793 928 2875; x_wconf 90' lang='lat' dir='ltr'>pecunia</span> <span class='ocrx_word' id='word_1_200' title='bbox 958 2792 1113 2873; x_wconf 88' lang='lat' dir='ltr'>adempta</span> <span class='ocrx_word' id='word_1_201' title='bbox 1145 2802 1177 2853; x_wconf 88' lang='lat' dir='ltr'>et</span> <span class='ocrx_word' id='word_1_202' title='bbox 1205 2791 1368 2875; x_wconf 87' lang='lat' dir='ltr'>publicata</span> <span class='ocrx_word' id='word_1_203' title='bbox 1387 2800 1465 2864; x_wconf 89' lang='lat' dir='ltr'>erat,</span> 
     </span>
     <span class='ocr_line' id='line_1_24' title="bbox 168 2902 1467 2985; baseline 0.002 -24"><span class='ocrx_word' id='word_1_204' title='bbox 168 2902 257 2962; x_wconf 92' lang='lat' dir='ltr'>cuius</span> <span class='ocrx_word' id='word_1_205' title='bbox 290 2903 362 2965; x_wconf 92' lang='lat' dir='ltr'>lacti</span> <span class='ocrx_word' id='word_1_206' title='bbox 397 2903 483 2965; x_wconf 91' lang='lat' dir='ltr'>hunc</span> <span class='ocrx_word' id='word_1_207' title='bbox 515 2905 618 2966; x_wconf 89' lang='lat' dir='ltr'>civem</span> <span class='ocrx_word' id='word_1_208' title='bbox 649 2905 765 2985; x_wconf 85' lang='lat' dir='ltr'>arguit.</span> <span class='ocrx_word' id='word_1_209' title='bbox 821 2903 950 2966; x_wconf 87' lang='lat' dir='ltr'>Crimen</span> <span class='ocrx_word' id='word_1_210' title='bbox 983 2903 1081 2984; x_wconf 84' lang='lat' dir='ltr'>igitur</span> <span class='ocrx_word' id='word_1_211' title='bbox 1112 2902 1285 2982; x_wconf 83' lang='lat' dir='ltr'>anarchiae</span> <span class='ocrx_word' id='word_1_212' title='bbox 1318 2911 1467 2983; x_wconf 88' lang='lat' dir='ltr'>tempore</span> 
     </span>
     <span class='ocr_line' id='line_1_25' title="bbox 170 3008 1466 3095; baseline 0.002 -23"><span class='ocrx_word' id='word_1_213' title='bbox 170 3008 291 3072; x_wconf 85' lang='lat' dir='ltr'>sactum</span> <span class='ocrx_word' id='word_1_214' title='bbox 328 3022 461 3095; x_wconf 91' lang='lat' dir='ltr'>propter</span> <span class='ocrx_word' id='word_1_215' title='bbox 494 3015 687 3076; x_wconf 90' lang='lat' dir='ltr'>amnestiam</span> <span class='ocrx_word' id='word_1_216' title='bbox 723 3014 887 3078; x_wconf 88' lang='lat' dir='ltr'>oblivione</span> <span class='ocrx_word' id='word_1_217' title='bbox 927 3013 1100 3076; x_wconf 89' lang='lat' dir='ltr'>delendum</span> <span class='ocrx_word' id='word_1_218' title='bbox 1136 3023 1214 3086; x_wconf 86' lang='lat' dir='ltr'>erat,</span> <span class='ocrx_word' id='word_1_219' title='bbox 1252 3011 1466 3076; x_wconf 86' lang='lat' dir='ltr'>Callimachus</span> 
     </span>
     <span class='ocr_line' id='line_1_26' title="bbox 169 3121 1464 3214; baseline 0.002 -33"><span class='ocrx_word' id='word_1_220' title='bbox 169 3129 288 3194; x_wconf 87' lang='lat' dir='ltr'>autem,</span> <span class='ocrx_word' id='word_1_221' title='bbox 314 3123 339 3182; x_wconf 91' lang='lat' dir='ltr'>si</span> <span class='ocrx_word' id='word_1_222' title='bbox 364 3121 569 3186; x_wconf 90' lang='lat' dir='ltr'>nihilominus</span> <span class='ocrx_word' id='word_1_223' title='bbox 593 3125 835 3188; x_wconf 89' lang='lat' dir='ltr'>accusationem</span> <span class='ocrx_word' id='word_1_224' title='bbox 860 3124 1007 3214; x_wconf 86' lang='lat' dir='ltr'>instituit,¹</span> <span class='ocrx_word' id='word_1_225' title='bbox 1030 3132 1145 3187; x_wconf 89' lang='lat' dir='ltr'>contra</span> <span class='ocrx_word' id='word_1_226' title='bbox 1165 3123 1357 3186; x_wconf 89' lang='lat' dir='ltr'>amnestiam</span> <span class='ocrx_word' id='word_1_227' title='bbox 1380 3121 1464 3185; x_wconf 85' lang='lat' dir='ltr'>iecit.</span> 
     </span>
     <span class='ocr_line' id='line_1_27' title="bbox 169 3227 1465 3319; baseline 0.003 -29"><span class='ocrx_word' id='word_1_228' title='bbox 169 3227 236 3290; x_wconf 89' lang='lat' dir='ltr'>Sed</span> <span class='ocrx_word' id='word_1_229' title='bbox 267 3249 343 3292; x_wconf 89' lang='lat' dir='ltr'>uum</span> <span class='ocrx_word' id='word_1_230' title='bbox 375 3243 545 3296; x_wconf 90' lang='lat' dir='ltr'>accusatus</span> <span class='ocrx_word' id='word_1_231' title='bbox 578 3236 620 3298; x_wconf 92' lang='lat' dir='ltr'>ad</span> <span class='ocrx_word' id='word_1_232' title='bbox 653 3236 825 3319; x_wconf 89' lang='lat' dir='ltr'>pecuniam</span> <span class='ocrx_word' id='word_1_233' title='bbox 858 3235 1057 3301; x_wconf 89' lang='lat' dir='ltr'>reddendam</span> <span class='ocrx_word' id='word_1_234' title='bbox 1089 3234 1262 3298; x_wconf 89' lang='lat' dir='ltr'>damnatus</span> <span class='ocrx_word' id='word_1_235' title='bbox 1292 3233 1342 3305; x_wconf 92' lang='lat' dir='ltr'>sit,</span> <span class='ocrx_word' id='word_1_236' title='bbox 1372 3232 1465 3295; x_wconf 90' lang='lat' dir='ltr'>valde</span> 
     </span>
     <span class='ocr_line' id='line_1_28' title="bbox 169 3339 1466 3424; baseline 0.003 -24"><span class='ocrx_word' id='word_1_237' title='bbox 169 3339 303 3402; x_wconf 88' lang='lat' dir='ltr'>dubium</span> <span class='ocrx_word' id='word_1_238' title='bbox 326 3352 384 3417; x_wconf 88' lang='lat' dir='ltr'>est,</span> <span class='ocrx_word' id='word_1_239' title='bbox 410 3363 506 3424; x_wconf 91' lang='lat' dir='ltr'>quam</span> <span class='ocrx_word' id='word_1_240' title='bbox 531 3346 575 3408; x_wconf 91' lang='lat' dir='ltr'>ob</span> <span class='ocrx_word' id='word_1_241' title='bbox 599 3365 667 3408; x_wconf 89' lang='lat' dir='ltr'>rem</span> <span class='ocrx_word' id='word_1_242' title='bbox 691 3346 805 3408; x_wconf 90' lang='lat' dir='ltr'>iterum</span> <span class='ocrx_word' id='word_1_243' title='bbox 837 3365 902 3406; x_wconf 93' lang='lat' dir='ltr'>non</span> <span class='ocrx_word' id='word_1_244' title='bbox 931 3345 1006 3406; x_wconf 91' lang='lat' dir='ltr'>licet</span> <span class='ocrx_word' id='word_1_245' title='bbox 1028 3344 1203 3407; x_wconf 88' lang='lat' dir='ltr'>diiudicare</span> <span class='ocrx_word' id='word_1_246' title='bbox 1234 3364 1311 3406; x_wconf 90' lang='lat' dir='ltr'>num</span> <span class='ocrx_word' id='word_1_247' title='bbox 1333 3364 1367 3406; x_wconf 88' lang='lat' dir='ltr'>re</span> <span class='ocrx_word' id='word_1_248' title='bbox 1389 3363 1466 3405; x_wconf 88' lang='lat' dir='ltr'>vera</span> 
     </span>
     <span class='ocr_line' id='line_1_29' title="bbox 167 3448 1464 3538; baseline 0.003 -27"><span class='ocrx_word' id='word_1_249' title='bbox 167 3448 229 3512; x_wconf 92' lang='lat' dir='ltr'>hac</span> <span class='ocrx_word' id='word_1_250' title='bbox 257 3471 354 3515; x_wconf 88' lang='lat' dir='ltr'>causa</span> <span class='ocrx_word' id='word_1_251' title='bbox 377 3457 535 3520; x_wconf 89' lang='lat' dir='ltr'>amnestia</span> <span class='ocrx_word' id='word_1_252' title='bbox 558 3456 645 3518; x_wconf 90' lang='lat' dir='ltr'>laesa</span> <span class='ocrx_word' id='word_1_253' title='bbox 670 3458 727 3528; x_wconf 65' lang='lat' dir='ltr'>sit,</span> <span class='ocrx_word' id='word_1_254' title='bbox 764 3457 920 3519; x_wconf 87' lang='lat' dir='ltr'>Attamen</span> <span class='ocrx_word' id='word_1_255' title='bbox 943 3456 1004 3520; x_wconf 91' lang='lat' dir='ltr'>hac</span> <span class='ocrx_word' id='word_1_256' title='bbox 1028 3457 1142 3520; x_wconf 88' lang='lat' dir='ltr'>eadem</span> <span class='ocrx_word' id='word_1_257' title='bbox 1164 3456 1309 3518; x_wconf 89' lang='lat' dir='ltr'>oratione</span> <span class='ocrx_word' id='word_1_258' title='bbox 1337 3473 1464 3538; x_wconf 90' lang='lat' dir='ltr'>compe·</span> 
     </span>
     <span class='ocr_line' id='line_1_30' title="bbox 168 3561 1465 3650; baseline 0.002 -28"><span class='ocrx_word' id='word_1_259' title='bbox 168 3561 356 3642; x_wconf 87' lang='lat' dir='ltr'>rimusnon</span> <span class='ocrx_word' id='word_1_260' title='bbox 373 3584 488 3628; x_wconf 90' lang='lat' dir='ltr'>omnes</span> <span class='ocrx_word' id='word_1_261' title='bbox 510 3566 651 3630; x_wconf 86' lang='lat' dir='ltr'>confisos</span> <span class='ocrx_word' id='word_1_262' title='bbox 673 3587 745 3630; x_wconf 90' lang='lat' dir='ltr'>esse</span> <span class='ocrx_word' id='word_1_263' title='bbox 769 3587 803 3630; x_wconf 89' lang='lat' dir='ltr'>se</span> <span class='ocrx_word' id='word_1_264' title='bbox 828 3566 1007 3631; x_wconf 80' lang='lat' dir='ltr'>facinorum</span> <span class='ocrx_word' id='word_1_265' title='bbox 1031 3567 1084 3630; x_wconf 91' lang='lat' dir='ltr'>illo</span> <span class='ocrx_word' id='word_1_266' title='bbox 1107 3575 1255 3650; x_wconf 89' lang='lat' dir='ltr'>tempore</span> <span class='ocrx_word' id='word_1_267' title='bbox 1278 3565 1465 3628; x_wconf 84' lang='lat' dir='ltr'>commisso·</span> 
     </span>
     <span class='ocr_line' id='line_1_31' title="bbox 168 3674 1463 3760; baseline 0.002 -27"><span class='ocrx_word' id='word_1_268' title='bbox 168 3690 237 3733; x_wconf 90' lang='lat' dir='ltr'>rum</span> <span class='ocrx_word' id='word_1_269' title='bbox 250 3685 420 3738; x_wconf 88' lang='lat' dir='ltr'>accusatos</span> <span class='ocrx_word' id='word_1_270' title='bbox 432 3676 602 3740; x_wconf 92' lang='lat' dir='ltr'>liberatum</span> <span class='ocrx_word' id='word_1_271' title='bbox 615 3677 651 3740; x_wconf 90' lang='lat' dir='ltr'>iri</span> <span class='ocrx_word' id='word_1_272' title='bbox 664 3687 797 3760; x_wconf 91' lang='lat' dir='ltr'>propter</span> <span class='ocrx_word' id='word_1_273' title='bbox 811 3678 1005 3741; x_wconf 87' lang='lat' dir='ltr'>amnestiam</span> <span class='ocrx_word' id='word_1_274' title='bbox 1018 3678 1192 3754; x_wconf 89' lang='lat' dir='ltr'>decretam,</span> <span class='ocrx_word' id='word_1_275' title='bbox 1206 3695 1280 3738; x_wconf 89' lang='lat' dir='ltr'>nam</span> <span class='ocrx_word' id='word_1_276' title='bbox 1293 3674 1463 3749; x_wconf 86' lang='lat' dir='ltr'>Patrocles,</span> 
     </span>
     <span class='ocr_line' id='line_1_32' title="bbox 168 3781 1465 3874; baseline 0.008 -33"><span class='ocrx_word' id='word_1_277' title='bbox 168 3781 223 3860; x_wconf 93' lang='lat' dir='ltr'>qui</span> <span class='ocrx_word' id='word_1_278' title='bbox 239 3783 361 3874; x_wconf 86' lang='lat' dir='ltr'>primus</span> <span class='ocrx_word' id='word_1_279' title='bbox 384 3785 528 3850; x_wconf 91' lang='lat' dir='ltr'>eiusdem</span> <span class='ocrx_word' id='word_1_280' title='bbox 544 3788 682 3851; x_wconf 92' lang='lat' dir='ltr'>criminis</span> <span class='ocrx_word' id='word_1_281' title='bbox 698 3807 718 3852; x_wconf 90' lang='lat' dir='ltr'>a</span> <span class='ocrx_word' id='word_1_282' title='bbox 734 3786 930 3850; x_wconf 87' lang='lat' dir='ltr'>Callimacho</span> <span class='ocrx_word' id='word_1_283' title='bbox 946 3797 1115 3850; x_wconf 90' lang='lat' dir='ltr'>accusatus</span> <span class='ocrx_word' id='word_1_284' title='bbox 1131 3795 1208 3860; x_wconf 88' lang='lat' dir='ltr'>erat,</span> <span class='ocrx_word' id='word_1_285' title='bbox 1235 3787 1348 3849; x_wconf 89' lang='lat' dir='ltr'>decem</span> <span class='ocrx_word' id='word_1_286' title='bbox 1372 3785 1465 3851; x_wconf 87' lang='lat' dir='ltr'>minis</span> 
     </span>
     <span class='ocr_line' id='line_1_33' title="bbox 166 3890 1463 3982; baseline 0.004 -29"><span class='ocrx_word' id='word_1_287' title='bbox 166 3890 250 3954; x_wconf 86' lang='lat' dir='ltr'>datis</span> <span class='ocrx_word' id='word_1_288' title='bbox 266 3915 340 3957; x_wconf 90' lang='lat' dir='ltr'>eum</span> <span class='ocrx_word' id='word_1_289' title='bbox 357 3907 590 3974; x_wconf 88' lang='lat' dir='ltr'>commoverat,</span> <span class='ocrx_word' id='word_1_290' title='bbox 608 3909 642 3960; x_wconf 92' lang='lat' dir='ltr'>ut</span> <span class='ocrx_word' id='word_1_291' title='bbox 655 3899 861 3962; x_wconf 87' lang='lat' dir='ltr'>accusatione</span> <span class='ocrx_word' id='word_1_292' title='bbox 877 3900 1046 3962; x_wconf 89' lang='lat' dir='ltr'>desisteret</span> <span class='ocrx_word' id='word_1_293' title='bbox 1063 3897 1116 3982; x_wconf 83' lang='lat' dir='ltr'>(cl.</span> <span class='ocrx_word' id='word_1_294' title='bbox 1133 3901 1153 3979; x_wconf 65' lang='grc' dir='ltr'>ξ</span> <span class='ocrx_word' id='word_1_295' title='bbox 1172 3899 1215 3980; x_wconf 84' lang='grc'>7),</span> <span class='ocrx_word' id='word_1_296' title='bbox 1233 3906 1266 3959; x_wconf 90' lang='lat' dir='ltr'>et</span> <span class='ocrx_word' id='word_1_297' title='bbox 1281 3896 1368 3958; x_wconf 92' lang='lat' dir='ltr'>idem</span> <span class='ocrx_word' id='word_1_298' title='bbox 1383 3895 1463 3961; x_wconf 74' lang='lat' dir='ltr'>lece·</span> 
     </span>
     <span class='ocr_line' id='line_1_34' title="bbox 167 4003 1465 4084; baseline 0.004 -22"><span class='ocrx_word' id='word_1_299' title='bbox 167 4011 217 4064; x_wconf 90' lang='lat' dir='ltr'>rat</span> <span class='ocrx_word' id='word_1_300' title='bbox 238 4003 451 4084; x_wconf 85' lang='lat' dir='ltr'>Lysimachus</span> <span class='ocrx_word' id='word_1_301' title='bbox 474 4007 591 4070; x_wconf 90' lang='lat' dir='ltr'>deinde</span> <span class='ocrx_word' id='word_1_302' title='bbox 614 4019 784 4072; x_wconf 89' lang='lat' dir='ltr'>accusatus</span> <span class='ocrx_word' id='word_1_303' title='bbox 808 4010 953 4072; x_wconf 89' lang='lat' dir='ltr'>ducentis</span> <span class='ocrx_word' id='word_1_304' title='bbox 976 4009 1138 4072; x_wconf 90' lang='lat' dir='ltr'>drachmis</span> <span class='ocrx_word' id='word_1_305' title='bbox 1160 4007 1252 4081; x_wconf 71' lang='lat' dir='ltr'>datis</span> <span class='ocrx_word' id='word_1_306' title='bbox 1279 4015 1311 4070; x_wconf 90' lang='lat' dir='ltr'>et</span> <span class='ocrx_word' id='word_1_307' title='bbox 1327 4006 1465 4068; x_wconf 91' lang='lat' dir='ltr'>totidem</span> 
     </span>
     <span class='ocr_line' id='line_1_35' title="bbox 168 4112 1464 4204; baseline 0.005 -32"><span class='ocrx_word' id='word_1_308' title='bbox 168 4112 338 4176; x_wconf 87' lang='lat' dir='ltr'>drachmas</span> <span class='ocrx_word' id='word_1_309' title='bbox 350 4115 402 4178; x_wconf 92' lang='lat' dir='ltr'>hic</span> <span class='ocrx_word' id='word_1_310' title='bbox 412 4137 485 4179; x_wconf 90' lang='lat' dir='ltr'>reus</span> <span class='ocrx_word' id='word_1_311' title='bbox 499 4119 568 4200; x_wconf 88' lang='lat' dir='ltr'>ipse</span> <span class='ocrx_word' id='word_1_312' title='bbox 578 4118 722 4193; x_wconf 89' lang='lat' dir='ltr'>dederat,</span> <span class='ocrx_word' id='word_1_313' title='bbox 736 4119 961 4204; x_wconf 89' lang='lat' dir='ltr'>cumprimum</span> <span class='ocrx_word' id='word_1_314' title='bbox 973 4139 993 4182; x_wconf 90' lang='lat' dir='ltr'>a</span> <span class='ocrx_word' id='word_1_315' title='bbox 1005 4117 1202 4182; x_wconf 90' lang='lat' dir='ltr'>Callimacho</span> <span class='ocrx_word' id='word_1_316' title='bbox 1215 4116 1311 4179; x_wconf 90' lang='lat' dir='ltr'>huius</span> <span class='ocrx_word' id='word_1_317' title='bbox 1323 4116 1464 4180; x_wconf 87' lang='lat' dir='ltr'>criminis</span> 
     </span>
     <span class='ocr_line' id='line_1_36' title="bbox 166 4225 1465 4309; baseline 0.003 -25"><span class='ocrx_word' id='word_1_318' title='bbox 166 4233 364 4303; x_wconf 85' lang='lat' dir='ltr'>argueretur.</span> <span class='ocrx_word' id='word_1_319' title='bbox 409 4225 495 4306; x_wconf 81' lang='lat' dir='ltr'>Quin</span> <span class='ocrx_word' id='word_1_320' title='bbox 511 4230 610 4292; x_wconf 90' lang='lat' dir='ltr'>etiam</span> <span class='ocrx_word' id='word_1_321' title='bbox 626 4230 689 4292; x_wconf 90' lang='lat' dir='ltr'>iam</span> <span class='ocrx_word' id='word_1_322' title='bbox 705 4228 838 4302; x_wconf 86' lang='lat' dir='ltr'>fuerant,</span> <span class='ocrx_word' id='word_1_323' title='bbox 863 4231 917 4309; x_wconf 93' lang='lat' dir='ltr'>qui</span> <span class='ocrx_word' id='word_1_324' title='bbox 941 4229 1084 4293; x_wconf 86' lang='lat' dir='ltr'>dicerent</span> <span class='ocrx_word' id='word_1_325' title='bbox 1108 4227 1287 4291; x_wconf 88' lang='lat' dir='ltr'>amnestiae</span> <span class='ocrx_word' id='word_1_326' title='bbox 1304 4226 1465 4290; x_wconf 88' lang='lat' dir='ltr'>condicio·</span> 
     </span>
     <span class='ocr_line' id='line_1_37' title="bbox 168 4331 1463 4425; baseline 0.005 -32"><span class='ocrx_word' id='word_1_327' title='bbox 168 4352 225 4394; x_wconf 92' lang='lat' dir='ltr'>nes</span> <span class='ocrx_word' id='word_1_328' title='bbox 247 4333 408 4397; x_wconf 90' lang='lat' dir='ltr'>tollendas</span> <span class='ocrx_word' id='word_1_329' title='bbox 432 4358 512 4412; x_wconf 90' lang='lat' dir='ltr'>esse,</span> <span class='ocrx_word' id='word_1_330' title='bbox 539 4342 559 4420; x_wconf 64' lang='grc' dir='ltr'><strong>ἓ</strong></span> <span class='ocrx_word' id='word_1_331' title='bbox 584 4341 641 4408; x_wconf 88' lang='lat'>26:</span> <span class='ocrx_word' id='word_1_332' title='bbox 669 4353 756 4414; x_wconf 78' lang='grc' dir='ltr'><em>»ταῖς</em></span> <span class='ocrx_word' id='word_1_333' title='bbox 777 4341 836 4423; x_wconf 78' lang='grc' dir='ltr'>μὲν</span> <span class='ocrx_word' id='word_1_334' title='bbox 859 4338 1033 4425; x_wconf 78' lang='grc' dir='ltr'><em>εἰρηκόσιν,</em></span> <span class='ocrx_word' id='word_1_335' title='bbox 1063 4331 1108 4414; x_wconf 84' lang='grc' dir='ltr'>ὡς</span> <span class='ocrx_word' id='word_1_336' title='bbox 1129 4337 1191 4422; x_wconf 79' lang='grc' dir='ltr'>χρὴ</span> <span class='ocrx_word' id='word_1_337' title='bbox 1212 4332 1273 4410; x_wconf 84' lang='grc' dir='ltr'>τὰς</span> <span class='ocrx_word' id='word_1_338' title='bbox 1296 4337 1463 4420; x_wconf 76' lang='grc' dir='ltr'><em>συνθήκας</em></span> 
     </span>
    </p>
   </div>
   <div class='ocr_carea' id='block_1_3' title="bbox 0 0 1707 5172">
    <p class='ocr_par' dir='ltr' id='par_1_5' title="bbox 0 0 1707 5172">
     <span class='ocr_line' id='line_1_38' title="bbox 0 0 1707 5172; baseline 0 0"><span class='ocrx_word' id='word_1_339' title='bbox 0 0 1707 5172; x_wconf 95' lang='lat' dir='ltr'> </span> 
     </span>
    </p>
   </div>
  </div>
 </body>
</html>
