3402 5172
837 305 873 370 17

755 383 966 392 ——-.-——

215 500 309 563 huius'
336 502 483 564 facinoris
508 513 620 565 auctor
644 524 708 566 non
731 505 834 568 suerat
858 506 924 568 sive
948 505 1024 590 quia
1047 506 1113 566 eius
1135 504 1237 564 vitam
1261 501 1322 564 hac
1347 522 1380 563 re
1403 502 1518 581 turpis.

214 613 294 673 sima
318 623 445 676 narrata
470 615 631 677 maculare
656 613 768 704 noluit.
790 670 793 678 .
815 615 1023 678 Manifestum
1052 624 1160 677 autern
1193 623 1241 674 est
1272 613 1317 674 de
1342 613 1518 676 amnestiae

213 723 441 803 promulgatae
465 734 614 805 tempore
636 728 799 807 Nepotem
832 749 896 790 non
927 727 1061 809 obloqui
1084 724 1296 804 Xenophonti
1329 733 1361 787 et
1385 710 1517 796 Iustino,

214 852 289 894 nam
311 834 418 896 verbis
446 837 671 900 »reconciliata
695 858 786 918 pace,
810 859 883 900 cum
911 835 1158 920 (Thrasybulus)
1182 833 1356 914 plurimum
1389 833 1419 894 in
1444 833 1516 894 civi-

214 951 281 1004 tate
304 954 433 1023 posset«
461 947 530 1030 ipse
546 949 624 1009 satis
649 949 768 1011 indicat
785 923 868 1012 inter
889 968 1003 1030 pacem
1030 946 1245 1028 compositam
1270 953 1302 1008 et
1326 944 1518 1006 amnestiam

214 1054 457 1134 promulgatam
481 1054 784 1140 aliquidltemporis
809 1059 1034 1120 intercessisse.

324 1167 343 1243 ξ
369 1166 398 1229 6.
422 1165 663 1229 Andocides
687 1169 828 1253 denique
852 1177 955 1231 totam
982 1169 1049 1229 eius
1071 1167 1229 1246 temporis
1258 1165 1425 1228 historiam
1448 1165 1515 1228 bre-

215 1274 296 1335 viter
334 1295 464 1337 narrans
494 1279 682 1340 brevissime
714 1301 750 1342 ea
791 1300 922 1362 quoque
953 1277 1215 1361 comprehendit,
1249 1296 1374 1360 quace
1404 1275 1520 1338 ceteris

181 1381 189 1402 ⁹
216 1385 427 1464 scriptoribus
451 1389 515 1448 iam
539 1389 745 1468 collegimus,
778 1411 852 1453 cum
875 1391 949 1452 1¹81
984 1390 1076 1451 dicit:
1110 1385 1238 1470 »ἐπειδὴ
1262 1381 1289 1452 d'
1315 1383 1518 1472 ἐπανήλθετε

217 1492 253 1558 ἐκ
276 1497 465 1580 Πεισαιεάις,
490 1499 663 1583 γενόμενον
685 1496 736 1580 ἐφ’
761 1496 835 1583 ὑμῖν
858 1502 1070 1583 τιμωρεῖσθαι
1094 1491 1220 1582 ε”γνσιτε
1249 1495 1306 1560 ε’·ᾶν
1329 1479 1371 1561 rol
1394 1517 1518 1579 γεγενη-

213 1604 304 1687 μένα,
328 1608 381 1670 καὶ
405 1609 480 1691 περὶ
503 1612 653 1685 πλείονος
674 1610 872 1695 ἐποιήσασθε
898 1609 1013 1693 σώζειν
1034 1609 1096 1693 την
1119 1606 1218 1671 πόλιν
1241 1604 1260 1690 ἢ
1283 1604 1344 1680 τὰς
1367 1605 1449 1680 ἰδίας
1472 1628 1518 1668 τι-

214 1718 347 1799 μωρίας,
372 1719 426 1780 καὶ
449 1715 536 1802 ἔδοξε
556 1720 601 1804 μὴ
623 1734 832 1805 μνησικακεῖν
856 1717 1009 1804 ἀλληλοις
1031 1727 1099 1783 τῶν
1116 1717 1370 1802 γε’γενημέιαννι,
1401 1717 1519 1800 quibus

214 1827 320 1888 verbis
344 1826 420 1888 nihil
444 1828 534 1903 inest,
561 1833 749 1914 quodcum
774 1833 827 1906 eis,
854 1853 936 1912 quae
960 1841 1085 1900 ceteros
1109 1829 1236 1891 tradere
1260 1829 1415 1900 vidimus,
1448 1847 1514 1887 non

214 1949 381 2016 congruat,
407 1958 483 2000 nam
507 1961 706 2026 quamquam
730 1945 895 2026 expeditio
912 1942 1074 2004 Eleusinia
1092 1948 1217 2002 narrata
1243 1947 1382 2010 nonest,
1408 1947 1518 1999 tamen

217 2056 390 2132 utrumque
406 2050 525 2112 lactum
541 2073 711 2126 summum,
735 2063 767 2115 et
780 2055 901 2116 reditus
914 2053 1061 2114 exsulum
1078 2061 1111 2112 et
1123 2049 1289 2120 amnestia,
1308 2047 1514 2127 significatur.

323 2159 405 2220 Cum
429 2161 477 2223 his
494 2163 673 2224 Andocidis
696 2166 804 2226 verbis
820 2164 896 2226 nihil
920 2165 995 2228 novi
1020 2163 1179 2233 afferatur,
1204 2159 1348 2223 eiusdem
1366 2158 1520 2220 orationis

217 2270 424 2351 paragrapho
458 2275 670 2354 nonagesima
705 2275 885 2356 compluria
918 2275 1154 2356 comperimus,
1192 2291 1276 2355 quae
1304 2270 1409 2332 nullus
1439 2269 1520 2331 alius

222 2379 359 2459 scriptor
383 2381 524 2456 exhibet,
551 2405 633 2466 quae
657 2394 765 2446 tamen
790 2385 821 2446 in
845 2386 1036 2447 amnestiam
1061 2383 1295 2467 inquirentibus
1311 2381 1444 2444 maximi
1467 2400 1521 2441 no-

141 2495 143 2498 ’
219 2493 268 2556 bis
292 2501 367 2554 sunt
390 2494 555 2566 momenti,
580 2494 678 2555 tradit
709 2496 795 2556 enim
824 2495 886 2556 hoc
916 2495 989 2556 loco
1021 2493 1210 2556 Andocides
1240 2494 1418 2553 iuramenta
1449 2491 1518 2562 tria,

217 2601 335 2687 quibus
359 2604 516 2666 amnestia
539 2615 650 2666 sancta
674 2615 730 2667 est.
779 2605 927 2686 Quorum
951 2603 1091 2684 primum
1113 2603 1206 2666 affert
1229 2602 1270 2674 id,
1297 2622 1363 2684 quo
1387 2610 1458 2663 tota
1481 2601 1520 2662 ci-

216 2713 298 2774 vitas
322 2709 477 2774 obstricta
501 2715 550 2787 sit,
576 2715 665 2776 cuius
689 2716 788 2778 verba
812 2717 890 2777 haec
919 2725 1011 2780 sunt:
1044 2714 1117 2778 »καὶ
1140 2709 1179 2778 οὐ
1202 2710 1433 2796 μνησικακῆσαι
1455 2717 1523 2775 τῶν

217 2826 363 2886 πσλιτῶν
387 2819 493 2886 οὐδενὶ
517 2825 605 2908 πλὴν
628 2833 697 2888 τῶν
720 2825 899 2909 τριάκοντα
922 2826 1061 2889 καὶτῶν
1084 2820 1206 2887 ἕνδεκα·
1237 2818 1310 2887 οὐδὲ
1333 2820 1464 2886 τούτων
1486 2816 1522 2896 ὃς

218 2926 260 2995 ἂν
284 2931 383 3014 ε’θέλη
408 2930 554 3009 εὐθύνας
577 2934 697 2999 διδόναι
722 2939 780 3022 τῆς
805 2934 906 3021 ἀρχῆς
937 2929 1122 3020 ἦς’ἧηξενι.
1170 2923 1252 2995 Cum
1283 2952 1389 3016 neque
1416 2932 1522 2993 Xeno·

221 3041 310 3124 phon
335 3063 442 3126 neque
465 3045 606 3106 lustinus
640 3065 746 3128 neque
769 3045 937 3107 Cornelius
960 3045 1082 3122 Nepos
1108 3045 1162 3127 qui
1195 3043 1386 3105 amnestiam
1417 3042 1522 3104 decre-

217 3162 285 3214 tam
310 3173 379 3214 esse
403 3164 541 3224 narrant,
566 3155 715 3217 homines
739 3156 900 3239 quosdam
925 3155 966 3216 ab
997 3153 1060 3216 hoc
1089 3153 1248 3216 beneficio
1273 3153 1421 3214 exclusos
1453 3173 1523 3214 esse

217 3263 355 3335 tradant,
379 3262 442 3324 hoc
465 3264 645 3327 Andocidis
668 3266 740 3328 loco
764 3267 916 3327 certiores
940 3265 1103 3326 reddimur
1135 3264 1283 3326 exclusos
1311 3272 1420 3325 tamen
1452 3283 1523 3326 esse

218 3373 410 3455 complures.
458 3375 574 3458 Neque
597 3397 674 3436 vero
699 3377 881 3438 mirandum
906 3385 954 3437 est
976 3375 1045 3436 illos
1067 3384 1133 3437 tres
1157 3376 1330 3454 scriptores
1351 3375 1414 3436 hoc
1436 3393 1521 3434 com·

219 3502 400 3544 memorare
417 3485 636 3562 supersedere,
663 3487 786 3568 quippe
809 3486 862 3568 qui
885 3505 999 3547 omues
1015 3486 1202 3548 brevissime
1225 3485 1366 3547 scribant
1383 3494 1415 3546 et
1438 3505 1521 3545 sum-

220 3613 305 3654 mam
331 3612 436 3653 rerum
461 3596 643 3669 ostendant,
669 3597 712 3657 ita
737 3605 771 3657 ut
795 3597 932 3658 lustinus
962 3597 1058 3658 etiam
1090 3617 1154 3668 eos,
1186 3596 1239 3680 qui
1271 3595 1360 3674 pacis
1383 3594 1521 3657 condici-

220 3704 336 3766 onibus
361 3705 505 3790 exempti
529 3716 627 3779 erant,
654 3707 805 3768 omiserit.
853 3706 1049 3788 Xenophon,
1075 3707 1130 3789 qui
1163 3714 1195 3767 et
1219 3706 1288 3787 ipse
1319 3725 1432 3766 omnes
1463 3704 1521 3766 has

221 3834 270 3874 res
294 3812 483 3874 brevissime
508 3825 623 3888 narrat,
649 3837 688 3876 eo
713 3818 818 3896 magis
841 3815 903 3878 hoc
926 3817 999 3878 loco
1023 3817 1109 3877 viros
1131 3815 1280 3878 exclusos
1297 3815 1447 3877 omittere
1465 3834 1521 3895 po-

219 3924 288 3995 tuit,
317 3925 393 4004 quia
410 3923 475 3988 sere
497 3934 553 3986 aut
569 3924 663 4006 plane
681 3926 786 3988 eidem
804 3937 878 3988 sunt
894 3937 993 4012 atque
1010 3926 1048 3999 ei,
1074 3946 1156 4008 quos
1180 3927 1291 4005 paucis
1308 3923 1521 4007 paragraphis

221 4043 297 4094 ante
321 4055 339 4095 a
362 4055 442 4116 pace
460 4034 608 4096 exclusos
632 4038 841 4122 enumeravit.
889 4037 972 4097 Nam
998 4056 1113 4116 apace
1137 4035 1258 4097 exclusi
1276 4044 1366 4096 erant
1390 4035 1521 4116 triginta

220 4153 252 4204 et
277 4144 426 4205 undecim
452 4154 483 4206 et
507 4145 682 4207 decemviri
706 4147 898 4218 Piraeenses
925 4147 967 4208 ab
1000 4147 1160 4208 amnestia
1191 4155 1300 4208 autern
1330 4145 1461 4226 triginta
1491 4154 1523 4206 et

220 4253 380 4326 undecim,
407 4252 596 4316 decemviris
613 4256 710 4335 igitur
725 4257 956 4328 PiraeensibuS,
982 4257 1041 4317 nisi
1065 4256 1150 4318 sorte
1167 4257 1198 4317 in
1222 4255 1284 4318 hoc
1300 4255 1522 4317 iusiurandum

220 4362 380 4424 inserendi
406 4372 488 4436 sunt,
514 4367 554 4426 de
579 4387 644 4448 qua
667 4365 857 4449 quaestione
883 4365 963 4427 inira
987 4366 1016 4448 (ξ
1048 4367 1098 4447 19)
1123 4365 1258 4426 locuturi
1283 4385 1402 4438 sumus,
1428 4366 1523 4426 venia

220 4473 297 4538 data
321 4482 378 4545 est,
404 4473 471 4533 sive
495 4477 584 4558 quod
607 4485 817 4555 tyrannorum
848 4485 939 4560 parte
969 4476 1078 4544 relicta
1102 4476 1225 4565 populo
1262 4497 1332 4544 sese
1370 4477 1522 4545 adiunxe

330 4599 452 4661 Liibbert,
472 4601 503 4652 de
524 4603 653 4656 amnestia.
1402 4617 1417 4662 2
