3436 5164
838 239 877 347 a

206 502 339 562 prorsus
374 483 526 564 neglegit.
574 481 674 563 Quod
708 492 818 546 autem
840 480 978 545 Grosser
1018 490 1153 545 annotat
1185 473 1367 542 Diodorum
1403 474 1509 562 ipsum

204 592 264 656 sibi
288 611 403 676 pacem
428 602 461 655 et
483 593 675 654 amnestiam
699 593 785 654 idern
809 590 874 655 lere
895 593 1002 656 valere
1032 591 1093 656 sub
1117 591 1214 653 finem
1237 591 1351 674 capitis
1374 609 1508 673 sequen-

205 704 246 766 tis
269 704 451 776 ostendere,
478 703 532 764 ubi
556 703 656 764 dicat:
686 699 733 766 »ol
760 705 939 788 Κυρηναῖοι
962 701 1045 786 πρὸς
1075 698 1237 784 ἀλλήλους
1258 698 1505 784 διαπρεσβευσά-

204 833 294 894 μενοι
317 810 537 896 διηλλάγησαν
559 812 613 875 καλ
643 815 839 898 παραχρῆμα
863 807 1152 896 ὁρκωμοτήσοντες
1183 810 1227 895 μή
1253 809 1506 894 μνησικακήσειν

205 924 299 1006 κοινῇ
319 920 382 1005 τήν
404 920 502 986 πόλιν
524 916 754 1005 κατῴκησανι,
779 923 832 1006 (de
855 924 974 1004 quibus
994 922 1101 984 verbis
1125 920 1333 983 conserantur
1348 939 1396 992 ea,
1421 939 1506 1001 quae

205 1052 302 1114 supra
324 1033 358 1116 (ἓ
383 1034 413 1112 3)
435 1032 583 1115 exposui)
607 1030 658 1093 hic
679 1031 779 1104 locuS,
804 1033 831 1094 si
855 1033 990 1094 omnino
1014 1031 1079 1093 ullo
1102 1030 1170 1092 iure
1193 1031 1224 1092 in
1249 1029 1504 1110 disputationem

206 1141 289 1205 trahi
312 1150 433 1224 potest,
456 1142 566 1224 potius
589 1141 685 1220 plane
713 1142 908 1205 contrarium
933 1141 1084 1204 ostendit.
1134 1139 1167 1202 Si
1191 1159 1256 1222 pax
1287 1148 1320 1201 et
1351 1139 1508 1200 amnestia

205 1252 292 1314 idem
314 1272 384 1314 esse
401 1252 549 1313 Diodoro
564 1251 759 1325 viderentur,
776 1253 819 1314 ad
843 1250 1100 1336 ›drqllciyqouu‹
1128 1270 1193 1311 non
1210 1249 1406 1314 addidisset:
1435 1248 1508 1312 »καὶ

206 1363 401 1446 παραχρῆμα
424 1355 714 1444 ὁρκωμοτήσαντες
735 1361 778 1446 μή
793 1361 1075 1446 μνησικακήσεινι,
1100 1361 1245 1422 sedeam
1268 1360 1312 1420 ob
1329 1379 1407 1430 rem,
1431 1359 1507 1441 quia

205 1472 293 1534 idern
316 1471 344 1537 ei
369 1491 434 1534 non
457 1481 558 1545 erant,
584 1472 708 1534 addidit
732 1481 765 1534 et
789 1471 941 1534 consulto
968 1473 1202 1556 »παραχρῆμαι
1231 1469 1372 1534 inseruit.

313 1584 408 1662 ἕνη.
457 1581 530 1642 Hoc
561 1581 808 1645 celeberrimum
840 1582 1018 1645 amnestiae
1041 1581 1291 1644 Atheniensium
1321 1578 1508 1661 exemplum

190 1679 402 1770 'posteriores
426 1711 491 1752 non
514 1691 621 1753 solum
637 1693 772 1754 summis
796 1692 945 1755 laudibus
962 1691 1153 1764 extulerunt,
1180 1691 1354 1753 sedetiam
1377 1688 1508 1770 saepius

207 1800 320 1892 imitati
334 1810 419 1874 sunt,
436 1820 575 1883 quarum
591 1800 807 1865 imitationum
816 1803 962 1863 omnium
972 1801 1178 1863 celeberrima
1187 1800 1271 1862 facta*
1286 1809 1334 1862 est
1350 1820 1389 1861 ea
1400 1818 1507 1860 amne·

206 1911 276 1983 stia,
291 1930 375 1992 quae
389 1910 516 1974 duobus
530 1911 645 1972 diebus
657 1920 733 1994 post
750 1911 895 1974 Caesaris
912 1920 1050 1974 mortem
1064 1909 1220 1973 Cicerone
1236 1905 1370 1972 auctore
1381 1909 1508 1970 Romae
1563 1951 1566 1958 -

207 2009 338 2082 decreta
361 2029 419 2093 est,
445 2039 544 2099 quarn
568 2020 751 2102 complures
775 2021 949 2102 scriptores
973 2021 1112 2094 tradunt,
1145 2039 1285 2103 quorum
1319 2019 1384 2080 duo
1415 2017 1509 2080 nobis

206 2139 280 2191 sunt
303 2129 504 2210 respiciendi,
522 2130 600 2212 quia
613 2140 784 2212 exponunt
795 2130 1046 2193 Atheniensium
1071 2130 1267 2212 exemplum,
1285 2128 1373 2211 quod
1391 2127 1508 2191 Cicero

207 2238 351 2301 imitatus
367 2247 425 2301 est.
451 2239 539 2301 Dicit
560 2249 671 2302 autem
687 2239 801 2303 Cicero
817 2242 886 2323 ipse
899 2239 975 2306 Phil.
992 2241 1014 2308 l.
1034 2259 1077 2314 1,1
1099 2241 1214 2303 dehac
1238 2240 1395 2303 amnestia
1408 2239 1508 2304 haec:

210 2357 387 2432 »quantum
404 2349 435 2410 in
453 2368 505 2410 me
521 2347 595 2422 luit,
613 2349 672 2411 ieci
689 2348 900 2413 fundamenta
916 2351 1005 2432 pacis
1020 2350 1337 2433 Atheniensiumque
1355 2349 1507 2412 renovavi

205 2467 299 2520 vetus
311 2457 514 2541 exemplum;
530 2456 690 2522 Graecum
704 2460 804 2522 etiam
821 2459 957 2522 verbum
974 2461 1134 2541 usurpavi,
1149 2481 1215 2541 quo
1230 2470 1299 2522 tum
1316 2459 1508 2522 insudandis

206 2568 374 2630 discordiis
398 2587 454 2631 usa
478 2578 548 2632 erat
570 2569 684 2632 civitas
708 2569 768 2643 illa,
793 2579 891 2652 atque
916 2590 1047 2632 omnem
1065 2547 1254 2632 memoriam
1272 2569 1506 2631 discordiarum

206 2677 369 2740 oblivione
385 2679 580 2761 sempiterna
596 2679 768 2742 delendam
780 2681 922 2744 censui«.
946 2682 1054 2764 Equo
1069 2680 1143 2742 loco
1156 2690 1266 2742 nostra
1280 2681 1309 2740 in
1319 2679 1507 2758 quaestione

207 2786 284 2848 nihil
303 2787 382 2849 certi
395 2788 460 2850 erui
482 2797 600 2873 potest.
625 2789 773 2852 Profecto
792 2790 906 2854 Cicero
925 2810 1042 2870 pacem
1059 2799 1092 2850 et
1106 2790 1300 2851 amnestiam
1324 2797 1411 2850 arcte
1433 2808 1506 2850 con-

207 2895 309 2978 iungit
321 2896 371 2958 vel
383 2899 491 2981 potius
501 2899 693 2961 amnestiam
706 2910 803 2962 vocat
813 2920 937 2984 pacem,
952 2899 1009 2962 sed
1018 2900 1168 2981 quisnam
1181 2919 1223 2960 ex
1236 2899 1297 2960 hac
1311 2919 1344 2960 re
1356 2897 1508 2978 collige-re
1566 2963 1571 2972 ,

206 3005 295 3068 volet
325 3007 414 3088 apud
444 3007 664 3071 Athenienses
700 3030 815 3094 pacem
847 3032 866 3072 a
896 3009 1101 3090 Thrasybulo
1141 3007 1379 3071 reconciliatam
1413 3016 1446 3069 et
1477 3028 1508 3069 a·

206 3116 377 3178 mnestiam
391 3135 495 3200 aeque
508 3126 598 3180 arcte
613 3118 804 3182 coniunctas
820 3118 935 3182 fuisse?
948 3119 1087 3182 Duobus
1100 3118 1168 3180 aliis
1181 3118 1268 3191 locis,
1286 3117 1367 3180 Vell.
1383 3117 1506 3179 Patere.

206 3225 234 3286 11
259 3227 333 3304 58,4
357 3235 390 3288 et
414 3225 498 3288 Plut.
529 3225 593 3290 Cic.
616 3243 669 3306 42,
696 3237 824 3312 praeter
853 3247 973 3290 nomen
1005 3229 1046 3289 de
1069 3226 1321 3290 Atheniensium
1349 3228 1507 3289 amnestia

207 3333 284 3396 nihil
316 3335 496 3399 exhibetur.
544 3336 595 3398 Eo
629 3337 721 3420 plura
756 3349 867 3400 autem
900 3337 1033 3400 exhibet
1065 3336 1194 3399 Cassius
1226 3337 1290 3398 Dio
1314 3337 1420 3400 XLIV
1445 3336 1502 3398 26:

209 3440 343 3507 »ἐκεῖνοι
365 3444 627 3531 (Athenienses).
642 3497 648 3508 .
664 3499 693 3514 ..
727 3446 960 3522 στασιάσαντες
989 3469 1070 3511 ποτε
1099 3448 1154 3511 καὶ
1183 3446 1219 3512 ἐκ
1248 3447 1370 3512 τούτου
1393 3449 1447 3511 καὶ
1470 3448 1506 3512 ἐκ

203 3561 274 3619 τεόν
296 3556 562 3638 Δακεδαιμονίων
585 3556 914 3641 καταπολεμηθέντες
935 3557 989 3621 καὶ
1013 3552 1080 3621 ὑπὸ
1102 3565 1172 3620 τῶν
1188 3557 1427 3642 δυνατωτέρων
1450 3582 1507 3624 πο

206 3668 307 3730 λιτῶν
345 3665 609 3750 τυραννηθόντες
643 3663 682 3730 οὐ
724 3665 887 3750 πρότερον
910 3663 1147 3751 ἀπηλλάγησαν
1181 3675 1250 3732 τῶν
1280 3675 1402 3742 κακῶν,
1428 3671 1507 3753 πρὶν

205 3773 388 3839 συνθέσθαι
411 3777 466 3840 καὶ
494 3777 787 3861 διομολογήσασθαι
811 3783 880 3839 τῶν
909 3799 945 3840 τε
975 3776 1227 3860 συμβεβηκότων
1256 3778 1345 3857 σφίσι
1369 3782 1504 3843 πολλῶν

204 3906 270 3950 που
293 3886 348 3948 καὶ
370 3886 486 3950 δεινῶν
516 3882 626 3950 όντων
646 3885 858 3971 ἐπιλήσεσθαι
874 3888 928 3950 καὶ
950 3885 1047 3971 μηδὲν
1063 3886 1263 3971 τοπαράπαν
1286 3882 1369 3971 ὑπὲρ
1392 3885 1504 3954 αὐτῶν

203 3993 284 4077 μήτε
306 3992 490 4077 ε’·γκαλέσειν
522 3995 603 4060 ποτὲ
635 3997 715 4080 μήτε
743 3997 996 4081 μνησικακήσειν
1025 3998 1100 4061 τινί.
1131 3999 1298 4080 τοίγαρτοι
1337 3999 1528 4082 οωφρονή·Ι

206 4119 320 4179 σαντες
342 4098 450 4180 οὕτως
472 4101 531 4192 οὐχ
555 4099 606 4170 ότι
627 4107 884 4190 τυραννούμενοι
907 4107 961 4171 καὶ
984 4106 1214 4188 στασιάζοντες
1229 4103 1430 4182 ἐπαύσαντο·
1450 4106 1503 4175 ἀλ-

205 4210 246 4276 λὰ
267 4215 322 4278 καλ
345 4226 414 4290 τοῖς
435 4207 544 4290 ἄλλοις
567 4223 668 4280 πᾶσιν
691 4213 889 4300 εὐθύνησαν·
914 4217 967 4280 καὶ
996 4215 1059 4300 τήν
1091 4214 1189 4279 πόλιν
1213 4211 1501 4300 ἀνεκτήσαντο...

203 4323 310 4388 καίτοι
332 4323 361 4388 εἰ
393 4322 629 4408 ἐτεθελήκεσαν
662 4325 777 4390 ἐκεῖνοι
813 4323 843 4390 οῗ
873 4325 935 4409 τήν
967 4324 1082 4409 Φυλήν
1112 4324 1368 4405 καταλαβόντες·
1390 4328 1444 4390 καὶ
1466 4325 1502 4392 ἐκ

203 4442 263 4498 τοῦ
290 4435 450 4518 Πειραιῶς
478 4435 700 4511 κατελθόντες
731 4435 980 4520 τιμωρήσασθαι
1008 4433 1086 4507 τούς
1116 4432 1154 4498 ἐκ
1187 4443 1246 4500 τοῦ
1275 4428 1388 4511 ἄστεος
1419 4432 1502 4522 όπὲρ
