3402 5172
827 261 871 324 68

743 353 956 362 *σ-

201 479 292 542 annis
315 487 392 565 post
414 497 488 544 cum
512 473 657 540 Phidone
681 475 797 539 iterum
821 485 990 538 accusatus
1014 494 1086 537 esse
1112 474 1249 548 videtur,
1276 493 1352 536 nam
1376 475 1411 544 is,
1444 475 1500 554 qui

200 587 319 670 Lysiae
336 573 487 651 'oratione
509 587 636 650 decima
658 585 916 650 Theomnestum
939 593 1080 659 accusat,
1105 585 1262 666 gloriatur
1286 604 1366 658 sese,
1392 584 1500 645 simul-

199 707 298 778 atque
323 715 402 760 suae
424 697 548 760 tutelae
571 694 675 760 lactus
696 704 793 770 esset,
819 695 1041 778 trigintayiros
1064 695 1177 758 mortis
1199 695 1303 777 patris
1325 696 1374 757 sui
1404 714 1497 756 accu-

199 809 336 872 savisse:
354 805 558 894 »ἐπεξῆλθον
569 819 637 881 τοις
648 803 846 889 τριάκσνιαι
867 807 899 890 (ᾖ
913 807 975 888 31),
993 826 1078 887 quae
1093 806 1194 868 verba
1210 805 1251 866 de
1263 804 1340 867 solis
1353 803 1501 866 Phidone

199 928 231 982 et
254 919 471 983 Eratosthene
495 917 637 998 intellegi
661 935 760 998 posse
786 926 822 979 et
852 915 1069 998 intellegenda
1098 933 1169 978 esse
1199 914 1443 978 Rauchenstein
1466 914 1500 975 in

202 1029 317 1096 ›Phil‹
330 1029 361 1092 X
372 1050 404 1111 p.
421 1030 489 1094 600
503 1038 590 1092 recte
606 1029 849 1100 demonstravit,
873 1026 933 1088 sed
950 1027 1065 1089 iterum
1081 1025 1249 1088 absolutus
1269 1045 1342 1087 esse
1362 1024 1497 1086 videtur.

304 1142 325 1218 ξ
351 1153 401 1220 27.
449 1139 555 1204 Etiam
579 1138 678 1202 altera
700 1137 817 1217 Lysiae
840 1138 946 1200 oratio
966 1136 1140 1199 tractanda
1165 1134 1258 1198 nobis
1289 1143 1354 1208 est,
1388 1153 1501 1216 quam-

197 1269 296 1336 quam
320 1235 523 1314 amnestiam¹
544 1267 609 1311 non
642 1247 781 1326 respicit,
806 1243 883 1330 quia
905 1256 937 1310 et
960 1261 999 1308 ea
1023 1255 1140 1318 contra,
1167 1255 1310 1309 nostram
1341 1245 1500 1307 rationem

199 1358 305 1423 facere
328 1358 428 1420 videri
444 1365 563 1439 potest,
588 1358 706 1439 Lysiae
731 1357 805 1419 dico
821 1357 1002 1420 orationem
1019 1356 1213 1418 tricesimam
1230 1364 1390 1437 quartam,
1415 1375 1502 1436 quae

197 1467 309 1532 habita
332 1479 382 1532 est
406 1479 517 1532 contra
539 1467 706 1532 Phorniisii
730 1468 934 1558 rogationem
956 1467 1020 1530 alio
1044 1467 1140 1530 sonte
1165 1467 1260 1529 nobis
1284 1485 1350 1528 non
1374 1475 1497 1538 notam,

197 1581 233 1643 ut
255 1579 434 1644 dominatio
457 1579 503 1642 eis
525 1579 665 1652 daretur,
700 1578 755 1663 qui
788 1597 887 1659 agros
916 1577 1132 1661 possiderent,
1155 1591 1222 1659 qua
1243 1586 1377 1660 accepta
1407 1576 1497 1659 quin-

197 1709 260 1770 que
276 1689 393 1754 civium
410 1688 495 1754 milia
510 1687 733 1754 dominatione
748 1689 865 1771 privati
894 1697 1011 1752 essent.
1060 1687 1154 1751 Hanc
1177 1688 1264 1750 enim
1288 1687 1494 1768 rogationem

196 1799 342 1881 plerique
374 1799 432 1860 viri
465 1795 552 1862 docti
583 1799 778 1862 arbitrantur
807 1798 918 1860 statim
949 1807 1024 1882 post
1055 1797 1203 1860 exsulum
1236 1797 1375 1860 reditum
1399 1796 1498 1857 latam

198 1927 279 1982 esse,
311 1919 487 1992 antequam
518 1908 641 1972 Eleusis
670 1908 875 1989 reciperetur.
923 1908 1022 1988 Quod
1056 1909 1131 1990 quia
1155 1899 1332 1988 Dionysius
1356 1907 1498 1968 Halicar-

199 2018 361 2083 nassensis
389 2020 449 2081 »de
470 2019 588 2098 Lysia«
615 2039 641 2080 c.
661 2033 714 2096 32,
739 2017 793 2078 ubi
808 2016 905 2078 huius
920 2019 1074 2080 orationis
1097 2017 1319 2098 fragmentum
1332 2028 1497 2079 servatum

197 2135 256 2200 est,
282 2126 337 2200 eis,
358 2128 445 2210 ‘quae
467 2126 508 2187 de
532 2137 727 2206 argumento
751 2128 939 2212 praemittit,
965 2129 1090 2194 verbis:
1117 2133 1197 2192 »τοῦ
1222 2125 1284 2212 γὰρ
1300 2127 1402 2211 δήμου
1424 2151 1497 2191 κατ·

197 2234 358 2310 ελθόατσς
391 2232 428 2298 ἐκ
456 2237 617 2321 Πειραιῶς
644 2238 699 2301 καὶ
729 2237 958 2324 ψηφισαμένου
996 2238 1213 2302 διαλύσασθαι
1243 2238 1327 2321 πρὸς
1354 2235 1433 2312 τοὺς
1462 2233 1499 2300 ἐν

196 2339 285 2412 ἄστει
307 2347 361 2411 καὶ
383 2345 520 2431 μηδενὸς
541 2354 611 2412 τῶν
633 2347 817 2432 γενομένων
836 2360 1078 2432 μνησικακεϊαι,
1104 2350 1145 2410 de
1170 2349 1288 2431 quibus
1313 2350 1377 2410 iam
1398 2359 1495 2410 antea

182 2459 228 2544 ,(9
247 2459 299 2540 21)
313 2447 544 2522 disserendum
561 2460 655 2522 nobis
678 2469 756 2533 erat,
781 2444 879 2522 tiadit
899 2460 1092 2522 amnestiam
1116 2468 1191 2521 ante
1214 2458 1298 2521 hanc
1314 2460 1495 2521 orationem

196 2566 344 2630 habitam
368 2567 534 2632 decretam
557 2589 637 2643 esse,
663 2569 743 2632 haec
773 2589 879 2642 causa,
903 2571 930 2632 si
961 2579 1048 2632 recte
1079 2569 1137 2631 viri
1167 2570 1255 2631 docti
1279 2570 1321 2631 de
1345 2579 1495 2652 tempore

196 2676 347 2750 sentiunt,
370 2681 502 2741 nostrae
525 2679 567 2740 de
588 2681 746 2742 amnestia
768 2681 947 2742 sententiae
970 2680 1168 2758 obloquitur,
1199 2689 1299 2760 atque
1330 2688 1417 2742 certe
1439 2679 1494 2740 mi·

196 2787 332 2850 randum
355 2797 405 2850 est
429 2785 632 2865 Grosserum,
658 2790 713 2868 qui
737 2813 768 2871 p.
795 2808 839 2870 34
865 2810 912 2870 sq.
940 2790 1086 2869 Dionysii
1116 2790 1216 2852 verba
1239 2789 1340 2860 affert,
1373 2789 1404 2851 in
1429 2789 1495 2873 qui-

195 2897 257 2961 bus
280 2896 429 2960 exsulum
445 2899 567 2960 reditus
590 2909 624 2961 et
639 2899 797 2962 amnestia
820 2910 907 2962 arcte
923 2901 1169 2981 coniungantur,
1186 2895 1250 2960 hoc
1268 2909 1496 2980 argumentum

194 3006 290 3090 plane
314 3007 495 3089 neglexisse
517 3009 623 3090 neque
647 3010 679 3073 in
702 3031 774 3073 ann.
799 3011 852 3094 ph.
877 3021 911 3073 et
933 3032 964 3093 p.
989 3010 1029 3073 CI
1052 3034 1084 3094 p.
1112 3012 1296 3090 593-600,
1323 3011 1377 3072 ubi
1402 3009 1493 3093 pluri-

196 3117 257 3178 bus
273 3117 381 3179 verbis
396 3118 437 3179 de
453 3121 515 3182 hac
531 3120 678 3182 oratione
693 3120 843 3202 lo'quitur,
860 3121 945 3184 hanc
964 3121 1206 3184 conclusionem
1222 3120 1345 3186 iecisse.
1394 3119 1493 3200 Quod

195 3237 424 3308 argumentum
449 3249 490 3291 ne
512 3249 596 3292 nunc
611 3250 707 3292 meae
721 3229 996 3310 argumentationi
1019 3251 1189 3315 opponere
1205 3232 1317 3314 possit,
1341 3232 1422 3292 haec
1439 3217 1495 3290 dil-

195 3335 319 3400 ficultas
336 3336 477 3401 tollenda
494 3329 570 3401 mihi
587 3350 645 3413 est,
672 3341 961 3404 demonstrandum
983 3341 1145 3422 igiturest
1168 3362 1273 3404 errare
1297 3351 1354 3404 aut
1371 3341 1495 3420 Diony-⁴

195 3447 289 3520 sium,
312 3467 387 3509 cum
403 3458 481 3527 post
497 3451 688 3512 amnestiam
701 3451 942 3532 promulgatam
958 3451 1043 3514 hanc
1059 3453 1242 3514 orationem
1259 3451 1407 3514 habitam
1423 3470 1497 3513 esse

195 3557 290 3630 dicat,
314 3566 371 3619 aut
386 3559 472 3622 viros
496 3558 612 3622 doctos
627 3562 830 3635 recentiores,
856 3583 930 3625 cum
955 3573 1030 3624 ante
1047 3562 1200 3624 Eleusina
1223 3570 1389 3641 receptam
1406 3560 1491 3622 hanc

195 3687 327 3730 causam
344 3674 450 3732 actam
468 3689 539 3732 esse
554 3680 706 3733 statuant.
755 3670 965 3755 Quamquam
982 3673 1023 3735 de
1038 3671 1100 3734 hac
1115 3673 1306 3753 quaestione
1323 3681 1412 3733 certe
1428 3690 1495 3732 non

195 3779 239 3840 ita
261 3777 399 3840 multum
423 3799 461 3840 ea
483 3780 600 3853 valent,
626 3801 711 3862 quae
734 3781 911 3862 Dionysius
935 3783 1042 3845 obiter
1064 3784 1096 3844 in
1120 3783 1275 3844 orationis
1298 3791 1495 3860 argumento

195 3885 325 3970 profert,
360 3891 435 3972 quia
466 3911 531 3953 non
563 3889 691 3954 difficile
723 3891 791 3953 lieri
822 3893 943 3974 potuit,
976 3904 1011 3954 ut
1042 3914 1099 3976 per
1130 3909 1272 3954 errorem
1301 3891 1495 3953 amnestiam

194 4000 314 4062 arctius
337 4021 411 4064 cum
436 4002 541 4065 reditu
571 4004 783 4082 coniungeret
806 4021 912 4082 neque
936 4004 977 4065 de
1006 4002 1093 4064 bello
1116 4001 1284 4065 Eleusinio
1316 4001 1494 4086 quidquam

193 4105 298 4183 sciret,
314 4111 503 4194 praesertim
518 4112 545 4172 si
561 4110 676 4173 harum
693 4131 799 4172 rerum
816 4122 983 4174 auctorem
1007 4129 1073 4174 non
1089 4111 1236 4174 adhibuit
1250 4111 1490 4179 Philochorum,
1523 4089 1533 4100 ⁸

196 4215 239 4280 ut'
254 4217 346 4281 Blass
365 4219 384 4285 l,
410 4220 428 4285 l.
454 4221 553 4298 1442
579 4230 682 4302 putat,
706 4221 757 4283 vel
781 4221 879 4282 alium
895 4223 1096 4306 scriptorem,
1122 4223 1181 4284 sed
1204 4242 1253 4293 ea,
1279 4240 1364 4299 quae
1385 4221 1417 4281 in
1433 4220 1494 4281 hac

194 4327 341 4392 oratione
364 4339 397 4392 et
418 4329 481 4393 alia
503 4328 640 4394 tortasse
662 4332 703 4394 de
726 4333 840 4392 eadem
864 4350 962 4393 causa
986 4332 1097 4395 habita
1128 4352 1194 4394 non
1226 4333 1357 4404 invenit,
1383 4351 1402 4392 e
1424 4351 1488 4392 me·

194 4437 298 4504 moria
319 4441 479 4524 exposuit,
503 4450 611 4504 tamen
629 4442 723 4504 hiri'us
738 4441 854 4503 erroris
877 4461 952 4502 eum
966 4443 1059 4522 argui
1083 4462 1148 4504 non
1170 4450 1311 4520 oportet,
1336 4441 1493 4522 quianon
