3402 5172
824 253 867 319 70

740 333 877 340 ----.--
881 333 952 340 -——.-

191 455 326 520 omnino
349 454 428 520 nihil
450 453 668 536 imperavisse.
729 454 828 534 Quod
859 455 1014 536 quoniam
1045 473 1110 515 non
1140 453 1323 534 respondet,
1357 451 1503 516 dilucide

192 566 335 632 ostendit
359 566 388 628 in
415 585 449 628 re
472 585 549 627 vera
572 564 648 627 illud
678 566 938 628 adversariorum
968 574 1198 645 argumentum
1232 564 1297 626 niti.
1348 562 1503 626 Efficitur

192 677 290 758 igitur
303 675 486 758 Spartanos
501 675 758 738 Atheniensibus
775 675 858 738 hanc
882 675 1077 758 reipublicae
1090 675 1304 736 mutationem
1318 673 1500 755 imperasse

192 786 243 848 vel
267 787 449 848 mandasse.
488 784 588 866 Quod
613 784 718 847 lacere
743 785 805 847 iam
830 787 939 864 potuit
960 785 1143 858 Pausanias
1167 785 1234 856 sed,
1253 785 1327 865 quia
1345 784 1496 865 probabi·

191 893 251 958 lius
276 905 325 958 est
348 915 433 968 eum,
459 895 485 956 si
511 895 555 956 ita
578 895 813 976 rempublicam
837 895 959 958 institui
989 894 1152 965 voluisset,
1183 896 1274 977 pacis
1303 895 1344 956 de
1375 895 1434 956 hac
1459 914 1497 956 re

191 1005 417 1070 condicionem
449 1004 612 1068 facturum
628 1003 755 1078 luisse,
793 1005 870 1068 nihil
904 1006 1109 1086 relinquitur,
1143 1005 1202 1066 nisi
1239 1015 1275 1066 ut
1293 1042 1297 1050 ·
1316 1014 1500 1067 statuamus

194 1114 473 1179 Lacedaemonios
508 1125 624 1197 postea
654 1116 731 1178 talia
766 1118 931 1198 optavisse
966 1116 1016 1178 vel
1055 1115 1281 1196 postulavisse.
1337 1115 1490 1176 Fortasse

190 1226 346 1290 Pausania
368 1226 400 1288 in
425 1227 569 1307 patriam
595 1245 725 1288 reverso
749 1238 782 1288 et
803 1237 967 1299 accusato,
993 1235 1028 1288 ut
1050 1235 1156 1288 narrat
1180 1226 1351 1289 Pausanias
1375 1225 1418 1288 ΙΙΙ
1442 1239 1490 1303 5,3

192 1337 223 1418 (2
249 1333 375 1413 Beth),
409 1335 671 1408 Lacedaemonii,
708 1336 783 1416 quia
818 1357 869 1398 res
905 1337 947 1399 ab
983 1355 1025 1397 eo
1052 1346 1162 1416 gestas
1191 1335 1325 1402 iniectas
1356 1336 1492 1417 reddere

193 1465 257 1508 non
281 1455 446 1527 poterant,
470 1447 582 1509 statim
605 1447 732 1528 legatos
757 1445 904 1508 Athenas
928 1447 1095 1518 miserunt,
1121 1447 1176 1528 qui
1201 1447 1233 1508 id
1254 1446 1370 1508 saltem
1393 1444 1497 1507 effice·

193 1564 272 1629 rent,
298 1575 337 1618 ne
362 1557 563 1618 democratia
587 1556 756 1639 Spartanis
780 1558 921 1622 maxime
946 1556 1122 1619 metuenda
1145 1557 1240 1638 plane
1264 1558 1494 1619 restitueretur.

196 1666 345 1730 Fortasse
358 1665 484 1728 Eleusis
497 1676 595 1749 capta
610 1667 705 1730 huius
728 1668 1017 1751 legationiseausa
1032 1667 1100 1740 luit,
1125 1686 1201 1730 nam
1217 1687 1320 1749 usque
1337 1687 1378 1731 eo
1394 1666 1492 1728 Athe·

194 1777 321 1838 nienses
344 1774 406 1838 hac
430 1776 561 1841 civitate
584 1788 734 1859 separata
763 1781 809 1840 eis
840 1778 955 1840 infesta
985 1777 1116 1840 coerciti
1148 1784 1248 1849 erant,
1285 1776 1347 1838 hac
1385 1785 1494 1838 autem

194 1905 269 1948 cum
293 1885 432 1948 Athenis
457 1887 630 1949 coniuncta
653 1888 756 1950 multo
786 1890 890 1969 magis
912 1887 1184 1950 Lacedaemoniis
1208 1886 1373 1950 metuendi
1396 1895 1493 1946 erant.

195 1995 311 2077 Neque
335 1996 366 2056 in
398 1997 546 2058 oratione
574 1998 646 2079 ipsa
675 2017 782 2078 neque
813 1999 845 2060 in
874 1999 1023 2078 Dionysii
1057 2006 1251 2077 argumento
1289 1995 1370 2057 ullus
1405 1995 1493 2057 loeus

195 2113 312 2180 exstat,
338 2106 393 2186 qui
419 2125 477 2167 nos
500 2106 667 2188 impediat,
693 2108 867 2189 quominus
890 2117 966 2190 post
990 2107 1142 2169 Eleusina
1164 2116 1389 2188 recuperatam
1411 2105 1494 2167 hanc

194 2235 326 2279 causam
350 2235 522 2296 ponamus.
569 2216 734 2280 Facillime
758 2229 866 2279 autem
889 2219 945 2290 sic,
971 2227 1007 2279 ut
1031 2218 1179 2279 omittam
1205 2216 1353 2297 Dionysii
1378 2217 1495 2280 verba:

198 2326 271 2390 »καὶ
295 2327 433 2389 πολλῶν
456 2320 539 2414 imin
571 2327 692 2391 τούτου
721 2327 901 2410 γινομένων
933 2326 1073 2411 λόγωνι,
1106 2327 1295 2411 explicatur,
1326 2347 1382 2388 cur
1411 2327 1496 2388 idem

195 2437 300 2502 dicat:
329 2430 510 2500 »ὑπόθεσιν
526 2437 559 2500 db
574 2439 762 2520 aequalique
779 2436 842 2521 τὴν
853 2438 925 2520 περὶ
942 2447 1002 2502 τοῦ
1019 2437 1259 2522 alienantium
1280 2437 1341 2520 τὴν
1357 2435 1497 2519 πάτριον

194 2548 365 2612 πολιτείαν
379 2542 562 2630 Άθήνῃσκ<,
610 2548 710 2628 Quod
735 2557 843 2610 autem
874 2549 990 2610 attinet
1018 2549 1059 2612 ad
1083 2549 1220 2610 alteram
1248 2547 1417 2610 Phormisii
1450 2567 1496 2609 ro·

193 2658 333 2742 gationis
357 2668 494 2737 partem,
517 2679 600 2739 quae
623 2656 685 2718 hac
710 2658 867 2730 oratione,
901 2679 985 2740 quae
1011 2679 1076 2720 non
1110 2679 1173 2722 una
1194 2667 1310 2722 contra
1337 2657 1420 2720 hanc
1450 2678 1495 2718 ro·

193 2769 361 2850 gationem
385 2767 496 2830 habita
513 2777 577 2841 est,
604 2767 737 2829 omnino
761 2789 826 2830 non
853 2770 1004 2848 tangitur,
1034 2769 1093 2830 sed
1115 2790 1134 2829 a
1163 2769 1323 2849 Dionysio
1355 2787 1493 2832 comme·

194 2888 338 2944 moratur
353 2876 475 2940 verbis:
504 2875 601 2952 »τοὺς
623 2877 683 2959 μὲν
706 2878 890 2960 φεύγοντας
913 2879 1090 2952 auridum«,
1111 2879 1248 2941 verbum
1272 2877 1492 2960 ›osdyovwer

195 2988 303 3054 referri
337 3007 402 3049 non
426 2996 537 3068 potest
559 3007 635 3048 cum
666 2985 825 3050 Grossero
855 2990 896 3050 ad
926 3010 984 3051 eos
1014 2990 1165 3060 urbanos,
1195 2989 1250 3068 qui
1279 2987 1430 3050 Eleusina
1461 3007 1496 3048 se

195 3096 408 3172 contulerant,
434 3097 489 3178 qui
513 3096 596 3158 male
620 3097 799 3179 φεύγοντες
823 3099 1065 3161 nominarentur
1098 3117 1204 3176 neque
1236 3098 1380 3173 omnin0,
1419 3098 1495 3175 quia
1585 3175 1587 3181 Ι

195 3229 252 3274 sua
275 3217 394 3290 sponte
426 3226 466 3268 eo
496 3207 725 3286 migraverant,
758 3208 821 3270 hoc
846 3209 946 3270 modo
983 3209 1126 3270 revocari
1157 3217 1342 3289 potuerunt,
1368 3207 1426 3269 sed
1456 3208 1496 3268 ad

195 3339 261 3393 eos,
287 3317 341 3400 qui
365 3316 406 3378 ab
423 3317 600 3378 amnestiae
616 3315 776 3378 beneficio
799 3315 921 3378 exclusi
938 3326 1038 3389 erant,
1065 3318 1085 3382 i.
1100 3339 1128 3383 e.
1153 3318 1373 3399 trigintaviros
1388 3337 1497 3398 super-

195 3431 285 3496 stites
308 3436 341 3490 et
366 3426 604 3488 undecimviros
634 3427 679 3507 (ct
708 3427 910 3507 decemviros
941 3428 1133 3502 PiraeeuseS,
1164 3427 1203 3490 cl.
1228 3429 1245 3510 ξ
1274 3429 1335 3509 19).
1380 3427 1497 3488 Eidem

196 3541 293 3624 igitur
316 3545 400 3609 sunt,
427 3537 479 3615 qui
505 3537 593 3617 apud
617 3536 824 3598 Andocidem
847 3538 922 3615 1¹91
951 3538 1138 3624 insenatus
1167 3537 1373 3600 iureiurando
1404 3537 1497 3618 signi·

195 3651 330 3716 ficantur
360 3646 485 3708 verbis:
523 3643 630 3728 »πλὴν
662 3649 733 3708 τῶν
768 3644 965 3729 φυγόντων(
993 3656 1025 3710 et
1059 3649 1187 3726 saepius
1218 3647 1498 3728 respiciuntur-in

197 3760 313 3844 Lysiae
336 3757 485 3820 oratioue
508 3755 611 3824 XXV,
638 3755 692 3816 ubi
717 3758 737 3834 ξ
763 3772 804 3830 24
832 3753 881 3819 »οἱ
905 3756 1102 3840 φεύγοντες(
1130 3759 1344 3842 nominantur.

303 3867 370 3930 Vix
393 3865 580 3928 addendum
606 3862 691 3926 mihi
714 3874 763 3926 est
787 3867 977 3928 amnestiam
1000 3865 1062 3928 hac
1091 3887 1189 3929 causa
1213 3888 1277 3928 non
1302 3867 1395 3940 laedi,
1421 3867 1496 3947 quia

197 3977 396 4048 Phormisius
420 3982 554 4055 propter
568 3995 627 4036 res
651 3956 746 4038 antea
770 3986 880 4054 gestas
903 3996 1100 4056 quemquam
1122 3998 1141 4038 a
1165 3977 1331 4058 republica
1355 3976 1499 4056 gerenda

199 4085 325 4158 excludi
351 4083 472 4149 uoluit..
1142 4151 1146 4156 ,

304 4198 321 4280 ᾗ
347 4197 399 4259 28.
447 4193 611 4254 intereas
635 4195 798 4257 orationes
822 4206 975 4270 seruatas,
1001 4218 1087 4277 quae
1119 4207 1194 4278 post
1226 4197 1417 4259 amnestiam
1448 4197 1500 4257 de-

202 4321 321 4382 cretam
343 4304 474 4368 habitae
500 4313 631 4366 suntet
654 4306 694 4366 de
719 4323 814 4372 causa
831 4307 986 4369 adversus
1009 4307 1201 4368 amnestiam
1219 4307 1373 4378 instituta,
1398 4306 1502 4388 prima

201 4416 369 4494 tractanda
385 4411 480 4474 nobis
503 4421 552 4474 est
568 4412 688 4493 Lysiae
705 4417 809 4476 oratio
826 4417 977 4477 vicesima
1000 4417 1120 4494 quinta,
1147 4435 1231 4494 quae
1247 4414 1329 4476 falso
1346 4415 1500 4495 inscripta
1521 4503 1525 4510 ι
