3402 5172
810 401 859 465 ’9

197 639 254 681 eos
279 617 393 693 fontes,
419 620 474 702 qui
497 619 614 682 diserte
636 619 695 681 has
710 642 760 683 res
784 632 925 696 narrant,
950 621 1014 686 ie.
1040 622 1214 704 scriptores
1231 642 1337 685 rerum
1361 643 1401 684 eo
1418 631 1496 686 tem-

197 748 276 808 pore
302 740 477 808 gestarum,
503 731 619 810 quibus
642 732 845 794 annumerari
862 740 975 814 potest
998 731 1198 806 Andocides,
1224 733 1328 815 quiin
1352 732 1498 795 oratione

196 841 269 923 περὶ
292 829 491 923 proruptam*
504 840 645 903 breviter
668 842 736 903 eius
753 844 910 922 temporis
934 842 1102 905 historiam
1120 852 1227 905 narrat
1251 863 1356 924 eaque
1372 850 1499 905 narrata

196 951 273 1011 satis
294 971 365 1012 sese
382 948 564 1012 defendisse
586 951 648 1012 sibi
664 952 800 1026 videtur,
825 951 1017 1034 respiciendi
1035 952 1257 1034 relinquuntur
1279 962 1427 1014 oratores
1443 951 1496 1013 alii

193 1060 383 1142 complures,
410 1061 519 1140 quiid
545 1080 609 1122 non
631 1071 749 1141 agunt,
780 1071 815 1124 ut
839 1062 880 1124 de
904 1062 962 1124 illis
985 1062 1082 1124 rebus
1104 1063 1206 1142 gestis
1238 1082 1298 1124 nos
1327 1063 1396 1123 sive
1427 1081 1494 1134 eoS,

193 1170 247 1250 qui
271 1170 471 1241 audiverunt,
497 1170 650 1232 certiores
675 1169 800 1246 faciant,
826 1173 885 1234 sed
916 1172 970 1254 qui
1002 1173 1121 1234 idcirco
1152 1173 1295 1252 singulas
1327 1192 1377 1234 res
1410 1191 1495 1234 com·

194 1290 392 1353 memorant,
427 1290 461 1341 ut
492 1281 538 1341 eis
569 1283 834 1344 commemoratis
865 1284 1059 1345 sententiam
1097 1301 1191 1344 suam
1220 1281 1349 1346 firment
1379 1282 1429 1344 vel
1459 1303 1495 1344 se

193 1389 368 1452 defendant
391 1389 442 1453 vel
465 1389 542 1452 alios
567 1401 728 1454 accusent.
777 1392 853 1472 Quo
878 1393 1013 1454 consilio
1037 1391 1181 1464 efficitur,
1212 1402 1246 1455 ut
1270 1391 1407 1473 plurima
1437 1393 1492 1466 eis,

191 1502 246 1582 qui
263 1501 407 1572 audiunt,
434 1512 511 1564 nota
526 1513 650 1582 ponant
672 1511 705 1565 et
728 1511 854 1565 tantum
870 1512 1052 1565 monstrent
1076 1523 1214 1584 eumque
1238 1503 1282 1565 ob
1299 1523 1368 1565 rem
1387 1502 1493 1577 uobis,

192 1613 251 1673 nisi
276 1632 333 1693 per
356 1611 436 1673 alios
460 1612 632 1692 scriptores
649 1613 689 1673 de
713 1614 759 1673 eis
776 1613 920 1674 instructi
944 1633 1065 1685 sumus,
1090 1612 1258 1675 obscurius
1275 1632 1314 1674 ea
1337 1613 1489 1680 indicent.

192 1723 346 1795 Accedit,
381 1721 468 1803 quod
491 1743 590 1804 saepe
625 1723 655 1783 in
680 1743 774 1785 suum
798 1723 1009 1784 commodum
1037 1743 1188 1805 perverse
1212 1743 1262 1784 res
1285 1723 1493 1804 interpretari·

192 1843 251 1898 tur.
300 1831 393 1911 Quae
418 1833 514 1894 etiam
540 1833 659 1895 cadunt
683 1833 715 1894 in
732 1833 897 1895 orationes
922 1833 1016 1895 nobis
1040 1831 1234 1905 tractandas,
1261 1851 1344 1913 quae
1360 1831 1492 1895 nonnul-

192 1942 237 2002 las
262 1962 312 2002 res
337 1941 418 2003 falso
444 1943 705 2024 interpretantur,
731 1942 886 2025 plurimas
910 1952 1020 2005 autem
1045 1951 1131 2004 recte
1161 1941 1304 2004 indicare
1335 1943 1493 2015 videntur,

193 2054 249 2114 sed
282 2073 395 2126 omnes
430 2052 493 2114 iere
519 2053 686 2114 obscurius
712 2061 743 2114 et
766 2053 905 2116 brevius.
951 2053 1065 2135 Neque
1089 2052 1194 2114 minus
1218 2070 1317 2132 quam
1340 2052 1493 2132 insingu·

193 2164 240 2223 los
264 2163 480 2244 complurium
505 2164 690 2224 orationum
715 2162 803 2224 locos
828 2163 1107 2252 inlnonnullarum
1131 2149 1261 2244 tempus
1285 2169 1317 2223 et
1332 2161 1492 2224 condicio-

194 2293 249 2334 nes
275 2274 367 2334 nobis
392 2273 616 2354 inquirendum
642 2280 700 2344 est,
726 2273 843 2353 quibus
872 2272 959 2335 fraus
983 2274 1088 2336 inesse
1119 2291 1184 2333 non
1213 2280 1332 2353 potest.
1380 2271 1494 2352 Itaque

193 2384 347 2463 quoniam
372 2404 418 2455 ea,
445 2403 529 2463 quae
552 2383 641 2464 apud
666 2391 814 2445 oratores
837 2383 1051 2456 inveniuntur,
1083 2391 1215 2465 oportet
1244 2402 1318 2443 cum
1343 2382 1389 2443 eis
1419 2401 1492 2444 con·

193 2494 311 2564 venire,
338 2513 421 2573 quae
446 2513 464 2554 a
487 2493 697 2571 scriptoribus
720 2493 900 2565 traduntur,
933 2493 1029 2554 tertio
1052 2493 1285 2555 dissertationis
1309 2493 1415 2573 capite
1440 2491 1493 2553 de·

192 2605 439 2664 monstrandum
456 2603 524 2674 erit,
549 2603 718 2682 quomodo
742 2603 867 2683 singula
883 2603 1086 2670 conveniant.
1134 2586 1283 2683 Quacum
1300 2602 1490 2682 quaestione

192 2714 275 2774 bene
299 2714 450 2793 coniungi
475 2723 585 2795 potest
606 2712 715 2786 altera,
742 2712 782 2774 de
804 2733 867 2794 qua
891 2713 948 2774 nisi
973 2713 1031 2774 illis
1055 2712 1255 2775 orationibus
1286 2711 1351 2773 nixi
1383 2710 1489 2773 diiudi·

192 2845 264 2884 care
290 2844 353 2884 nou
381 2844 563 2905 possumus,
590 2823 758 2904 quomodo
783 2832 815 2884 et
839 2823 993 2903 quamdiu
1018 2824 1187 2894 amnestia,
1221 2831 1412 2903 quamtum
1437 2823 1492 2882 de-

192 2945 313 2996 cretam
336 2955 406 2995 esse
430 2933 641 3013 sequentibus
664 2933 856 3005 videbimus
881 2944 1009 2996 servata
1031 2934 1080 2996 sit.
