3402 5172
828 324 871 409 36

205 541 376 606 mnestiam
401 539 679 613 decrevissemus
703 544 861 606 sententia
879 544 955 606 mihi
979 543 1158 617 obstarent,
1175 527 1273 624 quod,
1298 559 1497 622 quamquam

206 674 266 736 pro
289 663 379 719 certo
411 654 624 717 demonstrari
653 673 718 715 non
747 673 844 737 posse
868 655 948 716 inlra
976 654 1157 716 videbimus
1180 653 1209 736 (ξ
1234 654 1299 732 21),
1322 651 1495 729 probabili-

204 764 279 826 tatis
315 764 492 844 quidquam
522 764 642 826 habere
677 764 786 844 negari
823 785 889 826 non
923 774 1041 846 potest
1089 761 1156 826 Sed
1190 762 1351 824 nehaec·
1365 761 1498 845 quidem

205 873 365 936 sententia
395 873 459 935 ullo
487 873 560 936 loco
593 872 745 940 firmatur.
792 873 897 937 lrnmo
939 876 1002 938 iarn
1044 875 1183 936 vidimus
1217 881 1353 953 propter
1386 870 1496 932 lustini

204 983 302 1045 verba
329 976 521 1046 ,interiectis
544 983 677 1046 diebus«
703 983 873 1046 verisimile
896 1005 966 1048 esse
989 987 1088 1048 breve
1112 982 1332 1046 intercessisse
1354 991 1494 1076 tempus,

204 1113 310 1174 neque
333 1094 422 1176 quod
438 1093 624 1176 Xenophon
648 1094 725 1156 dicit
750 1088 896 1176 »ὑστέρῳ
908 1093 1037 1179 χρόνῳ(
1065 1103 1178 1158 contra
1194 1093 1277 1166 lacit,
1303 1111 1380 1153 nam
1397 1091 1496 1153 etiarn

204 1204 246 1266 de
275 1204 371 1266 rebus
400 1205 498 1287 paulo
529 1213 604 1287 post
630 1204 730 1283 gestis
762 1202 841 1265 haec
871 1203 970 1266 verba
999 1200 1143 1264 adhiberi
1172 1211 1325 1284 possunt,
1357 1201 1497 1280 exempli

205 1311 310 1393 gratia
339 1311 441 1379 Thuc.
467 1313 498 1375 V
523 1313 592 1393 ¹27,1
613 1313 708 1378 dicit:
723 1309 787 1375 'rui
803 1301 1096 1396 πεντηκοντούτας
1113 1310 1248 1374 σπονδαὶ
1271 1307 1422 1393 ἐγένοντο
1444 1310 1498 1374 καὶ

203 1416 380 1505 ὕστερον
402 1418 422 1506 ἦ
445 1423 635 1506 ξυμμαχίας
664 1441 764 1508 quam
787 1423 887 1501 paulo
909 1431 984 1504 post
1008 1422 1125 1484 factam
1142 1441 1219 1483 esse
1242 1441 1316 1483 cum
1340 1421 1408 1483 aliis
1424 1439 1496 1481 con·

203 1540 268 1596 stat
291 1542 361 1595 turn
385 1553 434 1608 eo,
459 1535 548 1617 quod
572 1533 602 1596 V
626 1550 678 1611 24,
704 1548 722 1594 2
745 1534 814 1616 ipse
831 1533 921 1595 dicit:
952 1527 989 1615 »ἡ
1010 1531 1170 1615 ξυμμαχία
1192 1529 1319 1613 ἐγένετο
1333 1528 1416 1613 μετὰ
1438 1526 1498 1604 τὰς

204 1639 349 1718 σπονδὰς
372 1639 411 1707 οὐ
434 1645 549 1726 πολλῷ
572 1633 739 1727 ὕστερονι.
784 1643 899 1728 Neque
922 1643 953 1704 in
971 1644 1066 1705 rebus
1089 1642 1165 1725 ipsis
1183 1650 1241 1716 est,
1266 1663 1323 1704 cur
1339 1642 1379 1703 de
1395 1641 1494 1722 longo

203 1763 352 1837 tempore
376 1753 559 1840 intermisso
582 1755 775 1833 cogitemus.
823 1753 868 1816 Ut
900 1752 1114 1833 tringintaviri
1139 1753 1354 1815 mercenarios
1378 1752 1496 1813 condu-

205 1873 322 1938 cerent,
354 1883 419 1926 non
450 1863 720 1947 longo'tempore
744 1843 827 1946 opus
851 1871 929 1939 erat,
954 1863 1142 1942 praesertim
1175 1883 1248 1925 cum
1283 1881 1347 1924 non
1370 1861 1497 1925 veridis-

204 1973 307 2035 simile
330 1975 370 2036 sit
394 1994 451 2036 eos
474 1974 698 2045 mercenarios,
723 1993 806 2055 quos
830 1973 999 2054 Lysander
1033 1972 1234 2034 conduxerat
1256 1971 1350 2054 (Xen.
1375 1970 1446 2037 hell.
1471 1970 1498 2032 ΙΙ

202 2087 293 2166 4,29)
324 2093 356 2146 et
388 2104 470 2164 quos
499 2097 580 2166 pace
610 2082 695 2146 sacta
723 2095 779 2146 aut
807 2085 848 2146 ab
878 2105 918 2146 eo
941 2085 1013 2166 ipso
1037 2093 1093 2145 aut
1118 2103 1137 2144 a
1160 2083 1317 2144 Pausania
1347 2081 1499 2143 dimissos

204 2213 274 2258 esse
297 2205 549 2257 consentaneum
574 2203 631 2267 est,
657 2213 769 2256 eorum
794 2202 899 2256 castra
922 2195 1012 2277 sequi
1037 2194 1256 2278 paratissimos
1279 2191 1376 2256 luisse
1401 2201 1434 2253 et
1456 2192 1497 2253 ab

204 2305 260 2378 eis,
294 2306 349 2388 qui
379 2304 718 2367 Lacedaemoniorum
747 2303 864 2366 auxilio
894 2325 929 2366 se
962 2304 1135 2366 destitutos
1164 2303 1318 2375 viderent,
1351 2301 1500 2365 mercede

204 2415 386 2478 conductos
404 2434 484 2481 esse.
530 2415 590 2476 De'
606 2414 738 2477 duobus
752 2414 841 2487 locis,
867 2415 983 2498 quibus
999 2411 1136 2476 Grosser
1151 2413 1270 2486 nititur,
1295 2409 1377 2473 infra
1394 2414 1428 2492 (ξ
1446 2411 1487 2472 26

204 2526 263 2587 erit
287 2525 531 2610 disputandum.
588 2555 591 2564 ,

308 2634 509 2698 Addendum
532 2635 596 2695 iam
618 2635 671 2697 hic
692 2644 742 2696 est
764 2635 859 2709 aliud,
885 2655 951 2718 quo
982 2635 1048 2696 eius
1078 2635 1238 2698 sententia
1270 2655 1335 2696 non
1367 2653 1499 2716 prorsus

203 2744 365 2820 refellitur,
391 2747 480 2828 quod
503 2755 614 2807 tamen
637 2763 736 2825 quam
764 2747 905 2807 maxime
929 2765 1002 2806 earn
1031 2745 1137 2807 reddit
1165 2756 1359 2828 suspectam.
1413 2744 1499 2806 Inter

201 2873 315 2936 omnes
339 2854 437 2930 locoS,
465 2855 519 2940 qui
544 2854 633 2916 multi
659 2857 836 2950 amnestiae
867 2857 1065 2918 mentionem
1090 2853 1221 2928 faciunt,
1248 2875 1289 2916 ne
1314 2875 1401 2946 unus·
1431 2856 1497 2938 qui·

202 2966 277 3027 dem
300 2965 470 3038 invenitur,
496 2965 552 3049 qui
575 2965 655 3026 duas
678 2968 851 3028 amnestias
876 2967 996 3028 indicet
1019 2974 1075 3028 aut
1101 2966 1198 3027 etiarn
1223 2963 1381 3027 Grossero
1405 2966 1497 3028 inter-

201 3085 294 3154 prete
333 3075 473 3137 indicare
510 3075 571 3169 dici
608 3077 719 3157 possit.
780 3076 886 3156 Quam
922 3075 1144 3138 difficultatem
1180 3095 1210 3156 p.
1244 3091 1284 3136 22
1317 3095 1357 3137 eo
1386 3074 1498 3137 tollere

201 3193 345 3258 conatur,
381 3185 470 3270 quod
504 3185 716 3264 posteriorem
752 3195 819 3247 tam
854 3186 943 3268 parvi
986 3187 1141 3257 momenti
1175 3183 1272 3246 luisse
1307 3184 1427 3257 statuit,
1464 3193 1498 3246 ut

201 3293 392 3378 plerumque
415 3292 565 3374 neglecta
587 3281 638 3356 sit.
687 3293 762 3368 Sed,
788 3305 823 3358 ut
846 3297 888 3359 de
916 3296 1050 3377 singulis
1081 3301 1195 3379 postea
1226 3294 1350 3378 loquar,
1383 3295 1496 3356 miran-

200 3395 278 3468 dum
304 3414 390 3467 certe
416 3414 465 3466 est
486 3423 552 3478 eos,
571 3405 626 3489 qui
644 3403 728 3467 hanc
752 3417 1018 3482 commemorent,
1044 3405 1218 3486 neglegere
1235 3404 1369 3466 alteram
1392 3405 1493 3484 gravi·

202 3535 291 3578 orem
315 3525 348 3577 et
369 3535 493 3584 omnes,
518 3515 575 3598 qui
598 3514 681 3579 hanc
705 3517 886 3596 respiciant,
916 3517 1035 3579 diserte
1066 3515 1181 3588 dicere,
1212 3515 1342 3598 quando
1366 3515 1498 3576 decreta

202 3625 253 3699 sit,
278 3626 409 3708 quando
433 3624 483 3685 illa
505 3624 636 3688 decreta
659 3627 708 3699 sit,
733 3627 792 3687 nisi
814 3627 1000 3689 coniectura
1023 3625 1157 3687 inveniri
1181 3645 1246 3687 non
1271 3643 1378 3704 posse.

307 3735 435 3815 Quibus
460 3735 491 3795 in
516 3737 700 3798 universum
721 3736 908 3817 praemissis
930 3736 1047 3817 singuli
1071 3735 1143 3808 loci,
1169 3734 1287 3817 quibus
1305 3735 1357 3795 'vir
1381 3735 1498 3796 doctus

200 3865 293 3908 suam
322 3846 516 3908 sententiam
545 3845 663 3908 firmari
696 3848 916 3910 demonstrare
949 3855 1085 3908 conatur
1116 3845 1167 3908 vel
1200 3865 1282 3930 quos
1313 3847 1422 3924 potius
1457 3865 1498 3907 ex

202 3975 261 4019 sua
284 3957 444 4018 sententia
466 3956 704 4035 interpretatur,
730 3956 942 4042 perlustrandi
966 3966 1050 4022 sunt.

307 4068 327 4147 ᾖ
357 4081 405 4143 13.
453 4065 519 4128 Sed
543 4076 718 4152 antequam
742 4068 784 4129 ad
807 4068 934 4148 singula
955 4067 1135 4130 accuratius
1159 4066 1496 4129 recensenda'transe·

203 4195 306 4250 amus,
329 4195 432 4260 pauca
455 4176 592 4239 dicenda
615 4187 691 4239 sunt
713 4178 754 4240 de
776 4177 837 4241 alia
861 4179 1059 4262 quaestione,
1085 4196 1168 4263 quae
1201 4195 1276 4237 cum
1307 4187 1417 4239 nostra
1440 4196 1498 4256 per

201 4305 238 4349 se
262 4307 327 4349 non
350 4287 512 4361 cohaeret,
539 4305 637 4371 quam
660 4297 770 4350 tamen
794 4287 931 4351 Grosser
952 4288 1129 4350 arctissime
1160 4307 1235 4349 curn
1264 4307 1303 4351 ea
1332 4288 1499 4350 coniunxit

201 4406 234 4460 et
256 4397 377 4481 in·qua
400 4397 633 4462 dissertationis
658 4397 866 4461 fundamenta
898 4398 1017 4482 posuit,
1051 4397 1276 4481 quaestionem
1309 4398 1380 4459 dico
1412 4397 1496 4458 illam
