3402 5172
814 301 853 363 91

739 377 949 384 --—---

298 497 412 581 Itaque
436 499 521 562 malo
546 517 617 562 earn
641 499 773 563 missam
798 497 903 561 facere
927 507 959 561 et
981 518 1085 578 pauca
1108 498 1149 560 de
1166 469 1256 560 ¹Iocis
1280 497 1415 580 singulis
1437 517 1488 560 an·

193 615 314 675 notare.
362 610 397 670 In
421 611 441 690 ξ
471 623 505 688 15
530 610 612 672 inter
635 629 670 672 se
693 619 905 689 opponuntur
927 618 1039 689 pacta,
1065 629 1148 691 quae
1172 608 1393 670 Athenienses
1416 627 1490 671 curn

193 719 460 782 Lacedaemoniis
482 720 625 793 fecerint,
651 730 684 782 et
706 740 754 793 ea,
779 739 861 800 quae
885 720 966 782 inter
987 740 1023 781 se
1044 719 1186 793 fecerint,
1211 718 1253 781 de
1283 738 1349 800 qua
1370 739 1404 781 re
1422 718 1491 797 ¹iarn

193 829 221 913 (ᾖ
241 833 271 914 7)
295 830 517 894 disseruimus.
555 831 747 893 Amnestiae
762 839 930 913 praeterea
947 831 1069 893 mentio
1092 829 1171 911 fug
1201 846 1211 890 Ι
1219 845 1255 907 3:
1283 822 1385 920 ›cbodf
1408 823 1491 911 ὑμεῖς

192 939 270 1015 τούς
293 937 431 1018 αὐτούς,
463 941 537 1024 περὶ
560 931 608 1004 ὧν
630 935 748 1024 όρκους
771 937 980 1023 όμωμόκατει
1010 950 1070 1006 etc.
1101 950 1133 1003 et
1158 941 1175 1026 ᾗ
1204 942 1275 1006 18;’
1298 939 1370 1002 »καὶ
1391 934 1491 1004 ταῦθ’

192 1046 358 1133 (ὁμόνοιαν
379 1050 529 1134 μέγιστον
553 1048 683 1134 ἀγαθόν
710 1047 791 1115 εἶναι
823 1049 930 1133 πόλει)
964 1046 1049 1134 ὑμεῖς
1077 1047 1200 1134 ἔγνωτε
1231 1050 1348 1114 νεωστὶ
1378 1051 1490 1113 κατελ-

191 1159 312 1236 θόντες
327 1159 437 1242 ὀρθῶς
451 1159 697 1244 βουλευόμενοι(
725 1171 795 1236 etc,
813 1170 846 1224 et
862 1162 880 1246 ἕ
900 1179 955 1242 19:
984 1174 1210 1246 »μνησικακεῖν
1225 1161 1342 1225 νεωστὶ
1358 1163 1491 1243 κατελη-

192 1270 363 1336 λυθόσινι.
409 1272 438 1335 Ε
470 1272 589 1352 quibus
623 1272 701 1335 locis
732 1274 849 1336 eodem
881 1272 981 1335 modo
1012 1281 1111 1352 atque
1143 1293 1161 1334 e
1194 1271 1303 1334 multis
1330 1269 1399 1332 aliis
1429 1289 1490 1352 pro

192 1393 282 1445 certo
305 1382 413 1464 colligi
439 1391 551 1464 potest
573 1392 651 1463 post
673 1383 820 1446 exsulum
844 1383 984 1445 reditum
1007 1383 1199 1446 amnestiam
1222 1381 1385 1444 decretam
1409 1401 1489 1454 esse,

193 1503 225 1555 et
248 1493 385 1556 fortasse
409 1512 468 1572 pro
492 1493 654 1556 verisimili
679 1513 743 1556 non
772 1493 909 1558 multum
926 1493 1082 1575 temporis
1107 1494 1189 1554 inter
1210 1490 1293 1554 haec
1317 1491 1382 1555 duo
1406 1491 1491 1556 facta

192 1603 410 1666 intermissum
432 1623 513 1676 esse,
545 1604 602 1665 sed
635 1624 676 1666 ex
706 1604 809 1666 reditu
833 1604 1053 1666 Athenienses
1085 1603 1278 1667 amnestiam
1310 1601 1491 1665 decrevisse

193 1733 234 1775 ne
256 1713 288 1775 hi
313 1713 442 1792 quidem
464 1713 525 1778 loci
549 1715 732 1787 ostendunt,
764 1714 865 1776 immo
895 1733 961 1775 vox
989 1715 1108 1778 νεωστί
1130 1691 1184 1775 bis
1210 1714 1253 1776 ad
1284 1712 1490 1793 participium

193 1825 359 1907 apposita,
394 1844 476 1905 quae
500 1823 660 1887 interdum
684 1825 781 1886 etiam
804 1823 938 1906 longum
961 1834 1092 1907 tempus
1112 1823 1241 1896 indicat,
1266 1830 1354 1886 certe
1377 1822 1491 1885 melius

193 1935 232 1995 de
258 1955 323 1996 uno
346 1933 396 1995 vel
419 1934 548 2021 duobus
572 1935 737 1997 mensibus
761 1933 956 2015 intellegitur
985 1953 1082 2018 quam
1114 1933 1156 1996 de
1178 1933 1290 2015 paucis
1319 1932 1416 2007 horIS,
1442 1943 1491 1996 est

192 2054 301 2106 autern
324 2043 442 2114 addita,
467 2044 543 2127 quia
568 2053 678 2108 orator
698 2044 788 2107 brevi
812 2044 952 2127 tempori
975 2045 1058 2107 inter
1080 2044 1218 2106 reditum
1241 2051 1274 2106 et
1286 2044 1490 2120 ,amnestiam

193 2156 361 2217 interiecto
385 2175 444 2218 sex
467 2164 635 2238 septemve
659 2173 763 2216 annos
786 2175 954 2238 opponere
977 2155 1053 2226 vult,
1081 2155 1222 2239 quitum
1239 2155 1489 2236 praeterierunt:

192 2268 212 2346 ξ
240 2284 292 2346 19;
322 2266 464 2329 »πλείων
487 2262 660 2348 συγγνώμη
681 2277 890 2349 μνησικακεῖν
911 2265 1029 2330 νεωστὶ
1057 2262 1318 2349 κατεληλυθόσιν
1354 2259 1402 2328 ἔτι
1432 2265 1491 2350 τῆς

194 2371 292 2460 ὀργῆς
316 2369 411 2460 οὔσης
434 2374 631 2458 προσφάτου
654 2367 675 2460 η’
697 2374 846 2459 τοσαότω
865 2374 977 2459 χρόνῳ
998 2368 1135 2460 ὕστερον
1165 2373 1219 2440 ἐπὶ
1241 2363 1400 2458 τιμωρίαν
1422 2382 1491 2440 τῶν

193 2485 478 2571 παρεληλυθότων
500 2485 716 2569 τραπέσθαιι.

299 2600 319 2679 ξ
345 2614 393 2676 32.
441 2597 581 2660 Restant
602 2606 667 2659 tres
690 2597 853 2660 orationes
874 2597 907 2660 in
931 2597 1016 2660 vitae
1039 2597 1252 2669 examinibus
1278 2595 1488 2680 δοκιμασίαις,

188 2707 329 2781 habitae,
356 2708 397 2770 de
427 2708 545 2792 quibus
569 2727 609 2770 eo
643 2707 770 2769 brevior
805 2727 875 2770 esse
904 2727 1047 2789 possum,
1081 2707 1156 2792 quia
1185 2706 1295 2782 multa,
1330 2728 1415 2791 quae
1450 2709 1491 2772 de

188 2819 305 2900 Lysiae
330 2818 476 2881 oratione
499 2817 592 2881 XXV
615 2817 692 2891 dixi,
716 2817 816 2880 etiam
838 2819 870 2880 in
895 2838 948 2880 eas
972 2817 1100 2880 cadunt.
1149 2817 1231 2881 Sunt
1246 2828 1356 2882 autem
1371 2819 1490 2900 Lysiae

190 2929 354 2994 orationes
376 2928 492 2998 XXXI.
517 2929 604 3003 XVI,
628 2929 746 2995 XXVI.

293 3039 459 3104 Oratione.
473 3039 589 3112 XXXI,
616 3058 698 3119 quae
726 3037 830 3104 »κατὰ
850 3040 1000 3115 Φίλωνος
1027 3039 1232 3123 δοκιμασίας(
1259 3039 1414 3122 inscripta
1429 3049 1488 3114 est,

185 3148 277 3211 Philo
307 3149 517 3212 Atheniensis
547 3159 679 3211 senator
708 3160 796 3213 sorte
828 3151 1015 3232 designatus
1049 3151 1081 3213 in
1113 3151 1274 3223 examine,
1305 3149 1402 3231 quasi
1427 3148 1489 3214 hoc

188 3279 321 3321 munere
356 3259 474 3339 dignus
504 3280 569 3322 non
600 3260 651 3331 sit,
683 3271 861 3323 accusatur.
917 3260 1078 3341 Arguitur
1108 3271 1218 3323 autern
1248 3279 1371 3334 eorum,
1404 3280 1490 3343 quae

187 3369 461 3448 trigintavirorum
484 3379 632 3454 ternpore
656 3372 871 3434 commiserat.
920 3369 1009 3435 Urbe
1033 3371 1118 3433 enim
1143 3371 1255 3433 relicta
1278 3367 1429 3450 Oropum
1452 3389 1487 3434 se

188 3478 366 3544 contulerat
390 3481 559 3562 neutrique
590 3481 727 3544 civitatis
759 3482 843 3561 parti
875 3482 1071 3556 interfuerat,
1103 3481 1193 3565 quod
1222 3480 1401 3542 maximum
1433 3501 1489 3563 op·

186 3590 355 3672 probrium
378 3591 466 3673 apud
490 3590 708 3655 Athenienses
732 3591 829 3655 fuisse
861 3601 975 3656 notum
1005 3600 1064 3654 est.
1113 3591 1282 3653 Praeterea
1311 3610 1408 3670 agros
1431 3609 1487 3672 po-

186 3701 313 3783 pulatus
337 3708 405 3763 erat
428 3710 461 3763 et
483 3701 641 3780 agricolas
664 3699 852 3767 vexaverat.
899 3701 1090 3764 Amnestiae
1113 3709 1223 3763 autem
1246 3707 1316 3762 tota
1340 3697 1487 3763 oratione

186 3812 307 3874 mentio
332 3831 398 3872 non
421 3809 465 3884 fit,
489 3811 617 3874 videtur
639 3812 737 3892 igitur
760 3820 930 3874 accusator
954 3831 1019 3874 non
1034 3810 1218 3897 speravisse
1243 3791 1311 3873 fore
1336 3819 1371 3873 ut
1392 3809 1487 3872 Philo

185 3922 227 3984 ad
250 3921 441 3990 amnestiam
465 3920 634 4002 refugeret,
660 3921 749 4004 quod
772 3942 849 3984 num
883 3921 1002 3998 fecerit,
1033 3921 1203 3986 nescimus.
1253 3917 1318 3983 Sed
1352 3920 1486 3983 dubium

184 4029 318 4093 fortasse
342 4041 553 4114 potestesse,
578 4051 655 4095 num
678 4033 707 4094 ei
722 4032 786 4094 hoc
802 4033 936 4098 licuerit.
983 4031 1079 4094 Certe
1103 4050 1176 4093 mea
1198 4031 1360 4093 sententia
1384 4031 1427 4093 ab
1451 4049 1481 4092 a·
1542 4007 1546 4016 ’

186 4143 343 4203 mnestiae
366 4141 525 4206 beneficio
542 4142 692 4206 exclusus
714 4162 785 4206 esse
808 4142 870 4206 dici
895 4143 1011 4222 potuit,
1036 4140 1113 4222 quia
1129 4160 1193 4202 non
1218 4141 1264 4203 eis
1287 4140 1484 4204 factionibus

185 4249 379 4325 interfuerat,
404 4253 486 4315 inter
510 4273 590 4338 quas
614 4273 680 4337 pax
703 4261 736 4315 et
759 4252 876 4315 deinde
899 4252 1056 4315 amnestia
1088 4251 1285 4314 constitutae
1316 4260 1414 4325 erant,
1442 4259 1482 4312 et

185 4361 261 4456 quia
283 4381 388 4442 neque
411 4372 447 4425 ut
469 4367 610 4427 urbanus
632 4363 664 4426 in
687 4362 815 4426 exsules
839 4383 945 4444 neque
968 4372 1004 4425 ut
1028 4362 1119 4424 exsul
1143 4362 1174 4424 in
1200 4360 1341 4424 urbanos
1371 4379 1482 4441 pecca-

184 4481 282 4544 verat,
315 4471 372 4534 sed
414 4471 553 4536 facInora
583 4474 789 4536 commIserat
819 4473 851 4536 In
883 4482 985 4536 totam
1019 4473 1192 4545 civitatem,
1232 4491 1314 4554 quas
1346 4479 1481 4555 propter
