3402 5172
716 281 874 357 ἰι

209 505 409 586 ἀνελθόντες
433 511 493 574 σόν
516 524 582 584 τοῖς
605 505 719 584 ὅπλοις
742 510 787 585 εἰς
804 511 864 594 την
888 507 1070 595 ἀκρόπολιν
1093 508 1219 575 ἐθοσαν
1241 516 1283 596 τῇ
1296 508 1423 600 Άθηνᾷ.
1444 510 1514 576 ἐπεὶ

209 619 241 682 dt
264 620 446 704 κατέβησαν
473 619 505 684 οἱ-
533 623 717 704 στρατηγοί,
746 617 831 684 ἐνθα
860 622 899 705 όν)
927 617 945 685 ό
978 621 1208 706 Θρασύβουλος
1240 619 1347 705 ἐλεξεν
1376 647 1405 686 κ.
1429 647 1457 687 τ.
1483 627 1510 686 λ,

209 779 303 796 .....
337 748 379 809 42
527 728 629 794 εἰκὼν
652 731 685 794 ds
708 740 964 798 ταῦτα,......
984 728 1139 816 ἀνέστησε
1161 732 1223 816 τὴν
1245 731 1428 817 ἐκκλησίαν.
1454 750 1508 813 43.

207 841 261 902 καὶ
289 839 365 904 τότε
386 841 445 923 μὲν
475 837 577 923 ἀρχὰς
600 841 879 925 καταστησάμενοι
910 839 1149 906 ἐπολιτεύοντο.
1189 837 1315 926 ἐστέμφ
1338 843 1371 906 όέ
1401 841 1501 927 χρόνη

208 946 409 1026 ἀκούσαντες
430 951 544 1034 ξένους
565 955 767 1034 μισθοῦσθαι
795 951 874 1026 τοὺς
896 947 1060 1028 Ἐλευσῖνι,
1090 951 1362 1036 στρατευσάμενοι
1392 952 1513 1036 τιανόη-

206 1061 255 1142 μεὶ
277 1055 328 1124 ἐπ’
351 1057 472 1136 αὐτοὺς
495 1060 572 1135 τούς
595 1061 654 1144 μὲν
678 1061 879 1146 στρατηγοὺς
908 1059 1019 1127 αὐτῶν
1048 1063 1092 1136 εἰς
1123 1061 1240 1146 λόγους
1263 1061 1427 1138 ἐλθόντας
1451 1059 1511 1128 ότι-

206 1169 365 1248 ἐκτειναν,
397 1184 465 1246 τοῖς
494 1171 530 1235 'di
560 1164 670 1246 ἄλλοις
701 1171 939 1254 εἰσπέμψαντες
972 1171 1050 1247 τούς
1078 1175 1195 1253 φίλους
1226 1175 1280 1237 καὶ
1314 1171 1512 1257 ἀναγκαίους

206 1277 338 1344 ἐκεισαν
362 1285 611 1367 συναλλαγῆναι.
636 1283 690 1345 καὶ
720 1279 897 1364 ὀμόσαντες
924 1277 1078 1367 όρκοοςῆ
1101 1283 1165 1366 μην
1192 1283 1236 1368 μὴ
1259 1283 1512 1368 μνησικακήσειν

206 1383 257 1454 ἐτι
290 1392 344 1454 καὶ
369 1400 430 1454 νῦν
453 1387 533 1474 ὁμοῦ
561 1415 596 1456 τε
623 1393 852 1457 τιολιτεόονται
876 1393 930 1456 καὶ
961 1406 1030 1468 τοῖς
1052 1388 1161 1477 ὅρκοις
1188 1391 1313 1477 ἐμμένει
1337 1389 1355 1458 ὁ
1379 1395 1508 1479 δῆμος(

313 1501 509 1582 Quindecim
532 1503 628 1584 igitur
651 1503 719 1575 viri,
753 1503 807 1583 qui
839 1503 959 1585 Sparta
991 1504 1079 1566 missi
1109 1513 1209 1578 erant,
1244 1524 1319 1566 cum
1350 1504 1508 1567 Pausania

207 1621 239 1674 et
261 1612 389 1673 duobus
413 1612 543 1693 ephoris
568 1612 714 1687 sortasse,
741 1634 824 1694 quos
847 1613 1042 1676 Pausaniam
1077 1615 1250 1676 comitatos
1275 1635 1345 1676 esse
1369 1615 1401 1676 in
1423 1617 1444 1695 ξ
1469 1615 1511 1694 36

206 1722 351 1803 legimus,
378 1723 460 1784 inter
483 1721 734 1784 Atheniensium
759 1733 868 1805 partes
902 1724 982 1785 duas
1012 1744 1126 1805 pacem
1163 1724 1449 1812 reconciliaverunt
1472 1745 1512 1787 ea

204 1852 332 1894 summa
355 1833 562 1910 condicione,
588 1843 623 1894 ut
652 1854 733 1915 pace
763 1843 797 1895 et
828 1834 1002 1896 concordia
1027 1835 1058 1895 in
1084 1853 1181 1896 unam
1204 1835 1313 1897 denuo
1342 1835 1509 1897 civitatem

206 1943 396 2004 coniunctos
420 1963 492 2005 sese
509 1964 623 2005 usuros
648 1964 718 2005 esse
742 1943 979 2025 pollicerentur,
1006 1954 1038 2007 et
1055 1954 1090 2007 ut
1113 1965 1170 2006 sua
1187 1945 1326 2025 quisque
1342 1945 1510 2027 reciperet.

206 2051 350 2132 Quarum
384 2052 612 2114 condicionum
647 2063 799 2135 expertes
823 2054 882 2115 soli
908 2063 998 2116 erant
1020 2054 1210 2134 trigintaviri
1235 2066 1268 2115 et
1289 2054 1527 2129 undecimviri,x

205 2163 258 2244 qui
291 2163 569 2243 trigintavlrorum
598 2163 762 2224 adiutores
786 2147 931 2226 crudeles
954 2163 1096 2238 fuerant,
1127 2185 1211 2246 quos
1235 2164 1352 2226 eodem
1376 2183 1510 2227 munere

204 2271 331 2334 functos
355 2293 426 2335 esse
450 2281 548 2353 atque
578 2273 690 2355 populi
722 2273 868 2336 eiusdem
901 2276 1039 2338 nominis
1070 2276 1300 2356 magistratum
1322 2269 1508 2354 Xenophon

121 2411 125 2420 =
202 2382 344 2444 ostendit
373 2381 587 2444 Theramenis
613 2393 753 2446 mortem
785 2404 917 2446 narrans
944 2385 1030 2464 (hell.
1055 2387 1082 2448 II
1114 2402 1142 2464 3,
1172 2387 1235 2467 54),
1264 2395 1297 2448 et
1321 2385 1506 2458 decemviri,

205 2493 257 2573 qui
288 2493 348 2554 sub
379 2492 523 2573 tyrannis
547 2495 713 2556 Piraeeum
747 2506 906 2568 rexerant,
940 2495 1124 2577 dequibus
1150 2497 1337 2577 Xenophon
1368 2495 1508 2577 primum

206 2604 345 2684 loquitur
368 2604 396 2665 ll
413 2619 443 2678 4,
467 2621 513 2680 ιο,
528 2625 612 2685 quos
625 2625 731 2686 aeque
749 2614 847 2686 atque
865 2606 1104 2669 undecimviros
1121 2606 1328 2688 trigintaviris
1343 2604 1508 2667 subiectos

206 2715 302 2776 luisse
320 2714 397 2776 dicit
413 2714 504 2776 Plato
529 2717 594 2798 (ep.
613 2715 673 2778 Vll
702 2731 766 2793 324
782 2715 819 2799 C)
844 2725 876 2778 et
900 2715 994 2778 simul
1019 2737 1094 2779 cum
1118 2717 1166 2778 his
1192 2716 1400 2797 aLysandro
1422 2715 1507 2779 insti-

206 2833 293 2886 tutos
316 2846 386 2888 esse
415 2835 521 2888 narrat
551 2826 740 2888 Plutarchus
773 2827 859 2907 (Lys
891 2829 953 2909 15).
1009 2827 1052 2888 Hi
1083 2827 1179 2908 igitur
1217 2846 1332 2890 omnes
1355 2845 1375 2887 a
1401 2825 1505 2887 reditu

207 2937 327 2998 exclusi
352 2948 442 2999 erant
458 2945 491 2998 et
514 2937 603 2999 bona
619 2957 732 2998 eorum
749 2937 954 3018 publicanda,
980 2938 1021 3000 de
1039 2957 1103 3018 qua
1126 2957 1159 2999 re
1176 2937 1258 2999 inira
1280 2939 1314 3020 (ξ
1333 2951 1348 3016 5
1367 2945 1400 2998 et
1415 2937 1435 3016 ξ
1452 2935 1506 3017 26)

207 3048 385 3109 accuratius
410 3048 633 3110 disserendum
658 3047 726 3112 erit.
774 3046 900 3110 Addita
924 3057 973 3110 est
989 3048 1089 3110 altera
1105 3047 1264 3120 condici0,
1290 3048 1316 3108 si
1334 3046 1416 3108 inter
1438 3065 1504 3118 eos,

206 3157 315 3239 quiin
340 3158 419 3219 urbe
443 3157 578 3227 fuerant,
604 3156 747 3220 nonnulli
770 3167 887 3231 essent,
913 3157 967 3238 qui
1000 3158 1096 3220 rebus
1120 3156 1311 3238 compositis
1342 3176 1408 3219 non
1431 3174 1507 3217 con·

205 3266 351 3342 fiderent,
376 3277 411 3330 ut
434 3269 484 3330 his
507 3268 616 3331 liceret
639 3268 791 3330 Eleusina
814 3289 849 3330 se
871 3267 1027 3341 conferre,
1053 3287 1153 3350 quam
1178 3267 1292 3329 urbem
1316 3265 1505 3346 trigintaviri

207 3379 420 3460 possidebant
442 3389 474 3441 et
497 3389 566 3441 tum
584 3379 791 3451 retinuerunt,
816 3399 899 3459 quos
923 3378 991 3440 sine
1008 3378 1108 3440 dubio
1131 3378 1250 3449 statim,
1275 3396 1350 3438 cum
1366 3375 1505 3438 Athenis

207 3509 246 3550 eo
277 3489 462 3569 migrarent,
496 3489 585 3550 multi
610 3510 627 3551 e
651 3489 754 3549 tribus
785 3487 843 3549 illis
872 3489 990 3550 civium
1022 3489 1150 3550 milibus
1179 3487 1282 3549 secuti
1309 3494 1384 3548 sunt
1408 3494 1441 3548 et
1464 3484 1506 3547 ad

207 3620 289 3680 quos
314 3598 364 3660 alii
389 3599 449 3661 hac
473 3600 562 3680 pacis
584 3599 774 3661 condicione
805 3599 852 3660 usi
885 3599 1025 3680 migrare
1055 3606 1206 3678 poterant
1239 3605 1271 3658 et
1293 3603 1380 3658 certe
1404 3595 1503 3668 multi,

207 3709 325 3790 quibus
350 3718 485 3791 propter
508 3708 651 3770 facinora
675 3709 879 3770 redeuntium
903 3708 982 3771 ultio
1006 3707 1150 3770 timenda
1171 3715 1249 3779 erat,
1274 3705 1504 3787 migraverunt.

313 3822 395 3882 Pace
418 3820 465 3881 sic
488 3820 672 3901 composita
695 3819 870 3880 Pausanias
894 3820 1072 3882 exercitum
1093 3837 1188 3879 sunm
1212 3815 1341 3888 dimisit,
1366 3815 1417 3876 vel
1441 3833 1505 3876 rec·

206 3930 270 3992 tius
286 3931 403 3993 milites
428 3930 597 3992 auxiliares
613 3939 645 3991 et
669 3929 895 4001 mercenarios,
921 3949 1003 4009 quos
1027 3949 1046 3989 a
1067 3927 1239 4006 Lysandro
1256 3933 1436 4006 acceperat,
1462 3924 1505 3985 di·

209 4041 303 4113 misit,
340 4039 620 4103 Lacedaemonios
650 4039 786 4100 reduxit.
842 4037 1061 4100 Athenienses
1091 4046 1201 4099 autem
1234 4034 1360 4097 exsules
1392 4035 1506 4096 urbem

208 4151 407 4212 intraverunt
437 4159 470 4211 et
503 4150 535 4210 in
570 4169 679 4210 arcem
710 4148 933 4221 ascenderunt,
967 4148 1021 4208 ubi
1045 4147 1210 4209 Minervae
1235 4165 1327 4207 sacra
1352 4144 1503 4206 fecerunt.

208 4259 314 4340 Quem
339 4260 504 4320 introitum
521 4259 709 4322 Plutarchus
733 4259 785 4339 (de
809 4259 910 4338 gloria
927 4257 1047 4320 Athen.
1066 4279 1093 4323 c.
1114 4260 1145 4341 7)
1168 4255 1267 4317 tradit
1290 4254 1410 4316 factum
1436 4273 1506 4316 esse

208 4371 329 4431 mensis
359 4367 605 4430 Boedromionis
639 4370 691 4431 die
721 4369 917 4431 duodecimo
949 4370 1009 4434 ie.
1040 4376 1115 4430 ante
1147 4367 1242 4454 diem*
1266 4365 1311 4426 Xl
1334 4364 1406 4426 Kal.
1432 4363 1504 4426 Oct.

208 4479 335 4542 Deinde
359 4479 390 4541 in
414 4480 522 4562 Pycna
545 4480 793 4555 descenderunt,
819 4481 873 4543 ubi
898 4479 1084 4542 contionem
1116 4477 1307 4548 habuerunt,
1342 4475 1387 4537 sic
1420 4474 1506 4536 enim
