3402 5172
746 371 751 374 ,
801 279 837 374 ,g

160 506 231 557 rant
255 497 322 558 sive
347 494 435 578 quod
461 492 572 574 populi
598 493 676 552 iram
710 493 842 553 omnino
872 494 979 554 miuus
1009 500 1188 562 moverant,
1223 489 1312 572 quod
1345 509 1462 571 nequa-

158 626 257 688 quam
281 615 329 666 est
352 605 416 664 veri
441 601 602 675 dissimile,
629 603 703 685 quia
728 604 846 663 scimus
870 603 902 664 in
924 603 1056 664 Piraeeo
1081 601 1255 682 populares
1280 600 1385 660 minus
1408 619 1460 660 ve-

157 725 252 777 xatos
277 735 354 778 esse.
403 715 517 797 Neque
540 712 580 774 illi
606 712 637 772 in
659 713 798 792 patriam
828 713 931 774 redire
964 712 1059 794 plane
1091 711 1182 772 vetiti
1216 719 1322 782 erant,
1357 710 1459 770 immo

158 827 254 887 etiam
279 827 324 886 eis
349 824 451 885 redire
483 833 515 884 et
549 823 722 884 amnestia
745 822 803 883 frui
828 822 946 884 licebat
977 823 1185 901 magistratus
1219 820 1302 900 gesti
1336 815 1461 881 ratione

158 935 300 1009 reddita,
334 955 400 1019 qua
432 934 557 994 reddita
589 933 653 994 iam
683 934 859 994 secundum
889 933 978 1011 pacis
1009 932 1170 992 Pausania
1200 939 1333 991 auctore
1356 929 1461 992 sactae

157 1047 364 1108 condiciones
388 1045 542 1106 redeundi
567 1042 754 1105 facultatem
770 1035 896 1124 assequi
921 1063 976 1102 eos
994 1044 1139 1120 potuisse
1163 1059 1268 1123 neque.
1287 1037 1462 1121 scriptbrcs

156 1157 287 1220 tradunt
312 1177 417 1240 neque
441 1153 611 1216 verisimile
641 1163 698 1215 cst.
748 1153 831 1214 Nam
857 1151 981 1212 Eleusis
1012 1152 1088 1213 urbs
1125 1151 1285 1230 refugium
1315 1160 1384 1211 turn
1418 1152 1462 1211 eis

156 1268 308 1328 omnibus
332 1286 487 1327 concessa
511 1273 566 1326 aut
592 1265 708 1346 potius
735 1263 890 1347 quoniam
914 1271 999 1323 certe
1022 1261 1159 1343 plurimi,
1185 1261 1322 1322 fortasse
1346 1280 1460 1322 ornnes
1491 1339 1498 1353 ι

156 1377 199 1439 ibi
225 1377 288 1438 iam
312 1386 412 1450 erant,
438 1375 547 1437 relicta
570 1383 627 1447 est,
653 1396 717 1457 qua
742 1375 830 1445 urbe,
857 1382 1033 1455 postquam
1051 1380 1148 1450 capta
1173 1381 1205 1432 et
1230 1391 1304 1431 cum
1320 1369 1460 1432 Athenis

155 1487 263 1548 denuo
287 1488 462 1548 coniuncta
487 1494 543 1557 est,
570 1504 633 1545 non
658 1486 764 1546 minus
789 1504 887 1565 quam
917 1482 1057 1544 Athenis
1090 1481 1167 1562 ipsis
1192 1481 1345 1562 prohibiti
1376 1491 1459 1542 sunt.

262 1598 304 1659 Et
327 1597 407 1658 haec
433 1596 549 1657 eadem
574 1615 623 1656 res
647 1615 743 1656 causa
768 1594 809 1655 sit
839 1593 1055 1672 intellegenda
1088 1592 1287 1670 gravissima,
1320 1611 1376 1652 cur
1408 1613 1459 1652 ex-

156 1708 240 1768 sules
266 1717 297 1768 et
321 1708 443 1778 urbani,
470 1725 542 1767 cum
568 1727 586 1766 a
611 1705 767 1765 Pausania
792 1703 1074 1765 reconciliarentur
1104 1711 1135 1763 et
1166 1722 1282 1783 pacem
1311 1701 1458 1774 lacerent,

155 1818 301 1879 omnium
327 1838 432 1878 rerum
464 1825 538 1877 ante
571 1825 716 1876 actarum
742 1814 939 1877 oblivionem
963 1811 1059 1894 ‘pacis
1094 1812 1319 1873 condicionem
1350 1810 1487 1898 facerev

154 1929 406 2010 supersederint.
454 1927 539 1988 Tum
565 1926 660 1998 enim,
688 1925 842 2003 quoniam
867 1932 1022 1985 statutum
1047 1931 1123 1998 erat,
1150 1931 1193 1995 ut,
1220 1923 1245 1982 si
1277 1923 1350 2003 quis
1381 1941 1461 2002 pace

154 2039 338 2120 composita
363 2056 427 2098 non
452 2035 639 2108 confideret,
674 2035 825 2096 Eleusina
849 2055 884 2096 se
908 2033 1078 2106 conferret,
1112 2033 1181 2093 sine
1213 2032 1312 2094 dubio
1348 2051 1460 2093 omnes

157 2149 185 2208 ei
212 2148 334 2222 urbani,
360 2147 478 2229 quibus
509 2145 672 2208 oblivione
703 2145 845 2207 maxime
874 2166 957 2227 opus
990 2154 1067 2217 erat,
1105 2165 1145 2206 eo
1181 2163 1215 2204 se
1248 2142 1459 2206 contulerant.

156 2258 220 2337 Qui
245 2279 320 2319 cum
345 2267 420 2339 post
444 2257 687 2338 expeditionem
712 2264 825 2317 contra
850 2276 906 2316 eos
931 2255 1050 2317 laetam
1075 2274 1188 2315 omnes
1220 2254 1250 2314 in
1275 2253 1390 2314 urbem
1415 2272 1459 2312 re-

154 2377 366 2441 verterentur,
392 2369 460 2428 siue
485 2375 573 2427 metu
598 2367 713 2427 reverti
737 2385 803 2427 non
828 2373 1004 2447 potuerunt
1035 2366 1093 2426 nisi
1124 2365 1282 2426 amnestia
1313 2364 1357 2424 eis
1388 2383 1461 2424 con·

153 2499 251 2540 cessa.
303 2479 493 2550 Accesserit,
519 2477 608 2560 quod
638 2477 665 2537 ei
699 2496 841 2559 quoque,
876 2477 931 2558 qui
963 2475 1100 2538 Athenis
1130 2483 1360 2546 remanserant,
1396 2474 1459 2535 iam

153 2599 320 2651 senserant
344 2608 460 2668 pacem
485 2588 587 2648 solam
612 2595 756 2648 sanctam
781 2588 822 2648 ad
840 2607 953 2648 omnes
969 2587 1039 2648 lites
1063 2607 1104 2646 ex
1128 2587 1248 2647 iniuriis
1274 2595 1349 2646 ante
1372 2605 1459 2646 com-

153 2700 257 2761 missis
282 2710 371 2762 ortas
395 2698 647 2780 supprimendas
672 2718 737 2758 non
754 2695 910 2770 sufficere,
935 2697 1025 2758 cuius
1049 2697 1211 2778 opinionis
1235 2696 1459 2756 testimonium

156 2810 317 2872 habemus
339 2810 456 2890 Lysiae
472 2828 604 2871 causam
629 2808 659 2868 in
684 2807 934 2869 Eratosthenem
958 2817 1074 2869 actam.
1124 2807 1251 2886 Quibus
1283 2805 1323 2866 de
1355 2804 1459 2865 causis

157 2919 219 2982 hac
243 2922 416 2983 occasione
440 2919 551 2982 oblata
575 2919 629 2991 elS,
662 2918 716 3000 qui
747 2918 897 2980 Eleusine
929 2918 1077 2980 Athenas
1108 2924 1314 2988 reverterunt,
1351 2923 1459 2996 postu-

154 3027 305 3101 lantibus
331 3027 375 3088 eis
400 3027 539 3100 urbanis
565 3027 620 3109 qui
644 3037 720 3108 post
753 3029 901 3090 exsulum
935 3029 1102 3090 introitum
1133 3025 1271 3088 Athenis
1301 3043 1459 3086 remanse-

154 3146 234 3211 rant,
261 3136 459 3218 optantibuS,
486 3157 597 3199 eorum
624 3139 778 3219 ipsorum,
806 3139 859 3222 qui
886 3140 1012 3200 exsules
1036 3137 1171 3209 fuerant,
1199 3135 1461 3225 prudentioribus

154 3247 306 3310 omnibus
323 3249 550 3310 adiuvantibus
569 3257 625 3309 aut
642 3257 729 3310 certe
748 3269 812 3310 non
833 3250 1040 3311 obstantibus
1057 3247 1251 3309 amnestiam
1269 3245 1461 3307 crediderim

152 3358 195 3421 ab
221 3360 373 3421 omnibus
397 3359 520 3420 ciuibus
546 3359 709 3419 decretam
735 3368 771 3419 et
791 3359 996 3421 iureiurando
1020 3357 1182 3419 firmatam
1208 3376 1288 3417 esse.

261 3468 414 3552 Sequitur
447 3469 534 3551 apud
566 3469 775 3530 Andocidem
805 3469 1036 3541 iusiurandum,
1062 3465 1150 3548 quod
1183 3459 1221 3551 »ἦ
1245 3458 1347 3550 βουλή
1370 3458 1390 3549 ἡ
1414 3459 1461 3526 ἀεὶ

151 3579 352 3660 βουλεύουσα
376 3575 521 3662 r'lpvoor«,
549 3580 638 3661 quod
662 3589 792 3641 senatus
816 3600 881 3640 non
905 3581 1009 3640 solum
1033 3577 1194 3639 amnestia
1218 3577 1349 3638 decreta
1377 3575 1456 3634 iura-

151 3699 252 3761 verat,
279 3689 336 3751 sed
361 3690 497 3770 saepius
531 3688 652 3750 scilicet
683 3690 867 3771 quotannis,
906 3690 1084 3770 repetebat.
1147 3686 1246 3766 Quod
1280 3685 1339 3746 fuit
1373 3683 1454 3748 hoc:

154 3800 227 3862 »καὶ
250 3796 288 3862 οὐ
313 3798 439 3882 δέξομαι
462 3795 597 3882 ἔνδειξιν
621 3794 694 3862 οὐδὲ
719 3795 901 3884 ἀπαγωγὴν
925 3795 1018 3862 ἕνεκα
1042 3801 1113 3862 τῶν
1136 3796 1298 3880 πρότερον
1334 3815 1460 3878 yeyaup

151 3908 270 4000 μένῳν,
301 3907 389 3994 πλὴν
424 3912 495 3973 τῶν
530 3909 738 3991 dumetorum
777 3907 866 3993 quod
900 3909 957 3970 nisi
997 3909 1097 3970 altero
1128 3907 1331 3968 iureiurando
1359 3915 1455 3967 antea

158 4019 271 4080 audito
295 4040 313 4080 a
337 4019 432 4080 nobis
457 4038 520 4080 non
546 4018 748 4099 intellegitur,
775 4020 851 4102 quia
875 4039 933 4100 per
957 4039 991 4079 se
1014 4027 1162 4101 apertum
1192 4036 1255 4078 non
1287 4025 1345 4087 est,
1377 4015 1456 4097 quid

153 4129 214 4192 sibi
244 4129 342 4190 velint
373 4128 489 4192 verba:
526 4126 632 4213 »πλὴν
662 4132 732 4192 τῶν
763 4127 973 4211 φυγόντων«.
1029 4129 1194 4208 Quoniam
1225 4147 1302 4188 vero
1335 4128 1453 4190 scimus

152 4239 371 4319 trigintaviros
396 4253 427 4300 et
455 4239 700 4312 undecimviros,
732 4260 750 4299 a
774 4239 953 4300 facinorum
985 4238 1148 4301 oblivione
1172 4237 1321 4300 exclusos
1346 4237 1451 4305 fuisse,

152 4369 217 4412 non
241 4369 393 4422 erramus
416 4349 442 4410 si
466 4349 527 4410 hos
544 4349 630 4410 viros
647 4349 783 4410 dicimus
799 4348 849 4410 his
869 4350 977 4411 verbis
1001 4347 1185 4430 significari,
1205 4349 1281 4431 quia
1297 4347 1454 4409 amnestia

153 4461 197 4528 cis
221 4468 341 4547 negata
365 4481 399 4528 re
422 4479 498 4529 vera
523 4461 553 4524 iu
583 4460 730 4525 exsilium
754 4461 947 4525 missisunt.
996 4459 1031 4524 In
1056 4479 1095 4524 eo
1123 4467 1234 4522 autem
1270 4460 1450 4524 iuramento
