3402 5172
820 316 860 380 77

736 391 948 400 ——--—-·--—-

192 511 276 597 πρὸς
299 508 460 597 ἀλλήλους
489 512 715 596 πεποιήκασιν,
746 511 819 580 ἀντὶ
850 514 882 578 δὲ
911 513 1038 598 εἰρήνης
1067 512 1211 595 πόλεμον
1238 511 1484 596 κατηγγέλκασι,

191 621 244 688 διὰ
265 623 404 699 τούτους
428 623 460 688 de
482 617 613 691 ἄπιστοι
636 638 704 700 ταῖς
722 616 852 710 Ἕλλησι
871 624 1104 707 γεγενήμεθαι,
1141 643 1223 704 quae
1248 632 1361 706 aperte
1384 632 1488 685 osten-

191 734 272 796 dunt
301 733 430 815 longius
466 737 622 816 temporis
657 737 798 816 spatium
834 745 909 818 post
944 736 1176 797 democratiam
1210 734 1393 796 restitutam
1424 734 1488 794 iam

191 845 447 928 praeterlapsum
464 867 542 920 esse,
558 855 591 909 et
599 846 750 910 ,Grosseri
766 847 961 910 sententiam
974 846 1089 908 salsam
1107 866 1187 918 esse,
1206 844 1396 926 praesertim
1414 862 1490 918 cum

190 965 331 1019 statuere
349 976 413 1017 non
433 956 574 1038 potuerit
591 957 681 1020 brevi
699 967 774 1020 ante
797 957 949 1020 Eleusina
969 966 1100 1036 captam
1125 955 1210 1018 hanc
1233 974 1364 1018 causam
1381 963 1488 1018 actam

192 1087 270 1140 esse,
294 1087 494 1148 quamquam
510 1067 573 1129 hoc
597 1059 764 1132 non'dicit.
799 1068 893 1141 Nam,
915 1077 1065 1147 utsupra
1086 1067 1103 1148 ξ
1125 1067 1167 1128 26
1183 1065 1486 1138 demonstravimus,

189 1177 251 1241 sibi
264 1178 425 1259 persuasit
436 1177 557 1240 bellum
569 1178 767 1240 Eleusinium
781 1197 839 1258 per
850 1177 978 1258 longius
990 1187 1120 1258 tempus
1132 1177 1267 1238 ductum
1282 1196 1362 1241 ess-e.
1389 1173 1488 1256 Quod

191 1287 337 1370 quiahac
350 1289 495 1350 oratione
508 1288 581 1350 belli
595 1289 717 1351 mentio
730 1309 795 1352 non
810 1287 845 1351 fit
858 1287 908 1350 vel
920 1289 1029 1370 potius
1043 1309 1060 1350 e
1073 1289 1090 1372 ᾗ
1111 1301 1125 1366 5
1143 1289 1212 1368 ipse
1224 1286 1356 1366 collegit
1367 1285 1498 1348 bellum,
1593 1307 1595 1316 ’
1682 1257 1683 1312 3

192 1398 579 1479 geri-nondumcoeptum
591 1419 670 1474 esse,
681 1419 766 1480 opus
777 1408 826 1460 est
839 1418 913 1462 eum
926 1398 1009 1462 hanc
1021 1400 1202 1461 orationem
1216 1406 1291 1459 ante
1304 1397 1486 1460 orationem

191 1519 302 1572 contra
325 1509 575 1571 Eratosthenem
598 1509 743 1574 habitam
767 1518 800 1571 et
822 1518 898 1572 ante
922 1508 996 1570 belli
1020 1509 1147 1571 initium
1169 1507 1332 1591 posuisse,
1357 1507 1384 1568 si
1407 1526 1486 1569 vero

190 1620 254 1683 hoc
282 1620 468 1681 diuturnum
499 1619 567 1693 luit,
593 1618 769 1699 ¹paululum
794 1620 952 1700 temporis
983 1619 1169 1701 relinquitur
1200 1618 1282 1678 inter
1305 1616 1418 1698 populi
1441 1637 1486 1678 re-

191 1731 294 1794 ditum
326 1739 358 1791 et
386 1728 469 1791 hanc
487 1731 678 1795 ,orationem
710 1730 921 1791 interiectum.
975 1729 1018 1793 Et
1047 1746 1246 1810 quamquam
1276 1725 1416 1788 vidimus
1445 1746 1486 1788 ex

193 1841 238 1903 eis
262 1840 340 1902 locis
362 1840 403 1901 de
426 1839 521 1902 huius
543 1840 618 1903 belli
640 1839 844 1920 longitudine
867 1839 1047 1920 quidquam
1063 1837 1215 1918 colligere
1238 1838 1265 1898 ei
1291 1857 1356 1899 non
1379 1835 1483 1910 licere,

190 1961 299 2014 tamen
315 1950 348 2011 id
372 1970 503 2031 quoque
519 1951 658 2012 vidimus
674 1951 738 2012 iam
759 1949 847 2012 brevi
872 1958 948 2032 post
970 1950 1109 2012 reditum
1139 1948 1222 2010 hanc
1245 1946 1487 2026 expeditionem

188 2069 374 2143 susceptam
405 2069 438 2126 et
466 2060 591 2123 finitam
619 2080 697 2126 esse.
752 2059 827 2141 Qua
856 2061 896 2124 de
927 2081 1025 2123 causa
1059 2068 1192 2141 propter
1222 2057 1323 2120 verba
1356 2056 1487 2136 laudata

189 2171 397 2234 statuendum
420 2179 469 2233 est
493 2191 598 2251 neque
620 2179 695 2232 ante
720 2169 962 2252 expeditionem
979 2170 1177 2232 Eleusiniam
1193 2187 1299 2247 neque
1321 2167 1364 2228 ita
1388 2165 1486 2248 paulo

189 2291 264 2363 post
295 2300 368 2343 eam
398 2279 523 2344 finitam
554 2282 637 2343 hanc
668 2281 848 2342 orationem
883 2280 1027 2343 habitam
1051 2301 1132 2342 esse.
1180 2277 1293 2358 Atque
1315 2275 1395 2338 haec
1418 2296 1485 2339 sen-

187 2393 289 2454 tentia
313 2392 410 2454 etiam
435 2413 475 2454 eo
497 2391 685 2464 affirmatur,
711 2391 800 2473 quod
825 2400 934 2453 orator
957 2391 990 2453 in
1012 2393 1032 2471 ἓ
1058 2393 1099 2452 28
1124 2399 1231 2452 narrat
1252 2409 1361 2471 saepe,
1390 2392 1484 2452 »πολ-

189 2501 320 2578 λάκιςι,
355 2501 454 2568 duces
483 2502 605 2564 civibus
637 2502 790 2570 suasisse,
821 2510 856 2562 ut
886 2500 1093 2562 condiciones
1118 2509 1150 2562 et
1180 2499 1399 2561 iusiurandum
1422 2519 1485 2562 ser·

189 2622 313 2686 varent,
337 2632 421 2686 nam,
447 2620 675 2696 praeterquam
696 2612 785 2693 quod
808 2611 889 2673 haec
905 2609 1014 2682 verba,
1038 2628 1121 2688 quae
1136 2608 1304 2696 firmantur
1319 2628 1339 2670 a
1354 2608 1483 2692 Nepote

189 2721 303 2788 Thras.
334 2740 363 2800 3,
389 2722 430 2783 de
461 2721 618 2783 amnestia
643 2730 717 2804 post
748 2721 990 2805 expeditionem
1014 2719 1210 2781 Eleusiniam
1246 2719 1377 2780 decreta
1399 2718 1484 2782 dicta

188 2841 272 2902 sunt,
290 2851 355 2893 non
370 2831 540 2894 verisimile
566 2841 615 2893 est
637 2832 829 2894 amnestiam
846 2831 946 2892 modo
963 2829 1204 2912 promulgatam
1221 2828 1340 2891 multos
1357 2803 1485 2890 laedere

190 2951 324 3004 conatos
348 2962 428 3008 esse.
469 2942 555 3004 Num
580 2951 772 3022 argumenta
794 2940 844 3002 his
868 2939 1053 3002 aStutzero
1077 2963 1106 3022 p.
1134 2953 1176 3015 30
1200 2937 1320 3010 addita,
1346 2958 1483 3019 quorum

189 3051 319 3135 insuper
342 3052 519 3136 compluria
543 3051 620 3114 lalsa
643 3061 732 3122 sunt,
770 3051 860 3112 ullius
894 3051 1051 3112 momenti
1082 3050 1161 3123 sint,
1193 3048 1421 3122 dubitaverim,
1453 3056 1486 3110 et

190 3163 304 3226 videor
328 3182 366 3225 ea
391 3163 540 3225 omittere
568 3181 673 3245 posse.
721 3162 749 3223 E
779 3161 889 3224 colore
913 3171 1021 3223 autem
1045 3159 1200 3246 orationis
1236 3178 1333 3238 quam
1356 3156 1484 3219 difficile

192 3273 231 3336 sit
254 3273 294 3335 de
318 3293 424 3336 rerum
446 3282 775 3335 commemoratorum
799 3280 947 3355 tempore
971 3272 1157 3344 decernere,
1186 3269 1320 3350 colligas
1345 3268 1484 3330 duorum

192 3383 331 3445 virorum
355 3382 535 3457 doctorum,
560 3403 699 3466 quorum
723 3382 888 3462 utriusque
912 3381 1087 3444 auctoritas
1111 3379 1217 3441 dehis
1239 3380 1335 3440 rebus
1359 3397 1485 3440 summa

191 3502 247 3568 est,
272 3495 437 3557 sententiis
460 3495 669 3578 comparatis:
694 3491 784 3554 Blass
807 3491 825 3556 l.
843 3490 861 3553 l.
879 3493 892 3552 l
912 3504 974 3571 509
990 3492 1102 3554 docet:
1123 3489 1260 3552 ›Ferner
1275 3490 1405 3551 werden
1428 3489 1482 3550 die

190 3603 374 3683 Ereignisse
406 3614 499 3666 unter
529 3605 592 3666 den
621 3603 770 3682 ¹Dreissig
797 3602 844 3663 als
873 3601 961 3664 nicht
993 3601 1084 3663 mehr
1115 3601 1173 3662 der
1204 3599 1486 3662 unmittelbarsten

190 3714 457 3796 Vergangenheit
480 3713 661 3794 angehbrig
683 3711 859 3784 behandelt
883 3718 921 3794 (z.
940 3713 1015 3793 Bsp.
1036 3729 1073 3773 21
1099 3711 1177 3793 ff.)«,
1202 3709 1409 3788 Frohberger
1434 3709 1484 3771 ed.

192 3824 264 3886 mai.
290 3825 303 3884 l
327 3847 357 3908 p.
388 3839 466 3904 177:
501 3825 571 3886 »die
595 3823 780 3902 Ereignisse
804 3843 859 3884 zur
882 3823 951 3885 Zeit
975 3823 1032 3884 der
1048 3821 1194 3900 Dreissig
1218 3820 1311 3904 (sind)
1334 3818 1418 3882 noch
1441 3820 1484 3885 im

190 3931 379 3996 frischesten
403 3933 587 3996 Andenken
612 3935 645 4015 (ξ
670 3950 706 3994 21
735 3933 812 4015 fs)‹.

270 4077 272 4082 ,
296 4041 432 4106 Constat
447 4045 544 4124 igitur
557 4052 634 4126 post
648 4042 800 4104 Eleusina
815 4051 1038 4121 recuperatam
1053 4041 1135 4103 hanc
1146 4042 1326 4103 orationem
1339 4040 1485 4102 habitam

172 4138 269 4226 esse,
295 4154 351 4214 sed
377 4152 536 4217 difficilior.
555 4152 731 4214 diiudicatu
754 4161 803 4214 est
827 4151 925 4215 altera
949 4152 1108 4231 quaestio
1134 4151 1176 4212 de
1199 4171 1265 4231 qua
1286 4151 1402 4212 iterum
1427 4151 1487 4212 viri

191 4263 278 4324 docti
303 4262 504 4338 dissentiunt,
529 4283 628 4345 quam
651 4263 705 4325 diu
727 4271 802 4344 post
825 4261 935 4323 habita
958 4261 1006 4323 sit.
1047 4261 1128 4322 Fere
1152 4281 1274 4332 omnes,
1299 4260 1381 4321 inter
1405 4279 1486 4340 quos

190 4381 318 4434 constat
342 4382 419 4454 post
443 4375 687 4454 expeditionem
710 4372 907 4434 Eleusiniam
932 4391 1002 4432 eam
1023 4371 1170 4434 habitam
1194 4389 1273 4442 esse,
1301 4370 1332 4430 in
1357 4389 1395 4431 eo
1413 4389 1487 4430 con-

190 4483 348 4564 δθηῒίυηῒ,
382 4483 471 4571 quod
499 4503 563 4550 uon
594 4483 694 4549 multo
725 4491 800 4564 post
832 4502 903 4544 eam
928 4491 1063 4565 ponunt,
1113 4479 1165 4544 Sic
1196 4479 1356 4547 Scheibeo
1384 4479 1433 4543 ed.
1459 4479 1487 4542 II
