<?xml version="1.0" encoding="UTF-8"?>
<!DOCTYPE html PUBLIC "-//W3C//DTD XHTML 1.0 Transitional//EN"
    "http://www.w3.org/TR/xhtml1/DTD/xhtml1-transitional.dtd">
<html xmlns="http://www.w3.org/1999/xhtml" xml:lang="en" lang="en">
 <head>
  <title>
</title>
<meta http-equiv="Content-Type" content="text/html;charset=utf-8" />
  <meta name='ocr-system' content='tesseract 3.04.00' />
  <meta name='ocr-capabilities' content='ocr_page ocr_carea ocr_par ocr_line ocrx_word'/>
</head>
<body>
  <div class='ocr_page' id='page_1' title='image "./deamnestiaannoc00luebgoog_0025.png"; bbox 0 0 3402 5172; ppageno 0'>
   <div class='ocr_carea' id='block_1_1' title="bbox 778 364 819 409">
    <p class='ocr_par' dir='ltr' id='par_1_1' title="bbox 778 364 819 409">
     <span class='ocr_line' id='line_1_1' title="bbox 778 364 819 409; baseline -0.024 0"><span class='ocrx_word' id='word_1_1' title='bbox 778 364 819 409; x_wconf 88' lang='lat'>20</span> 
     </span>
    </p>
   </div>
   <div class='ocr_carea' id='block_1_2' title="bbox 140 563 1443 3071">
    <p class='ocr_par' dir='ltr' id='par_1_2' title="bbox 140 563 1441 2507">
     <span class='ocr_line' id='line_1_2' title="bbox 142 563 1440 649; baseline -0.002 -21"><span class='ocrx_word' id='word_1_2' title='bbox 142 566 200 628; x_wconf 90' lang='lat' dir='ltr'>etsi</span> <span class='ocrx_word' id='word_1_3' title='bbox 232 585 348 649; x_wconf 85' lang='lat' dir='ltr'>pacem</span> <span class='ocrx_word' id='word_1_4' title='bbox 376 584 451 627; x_wconf 93' lang='lat' dir='ltr'>cum</span> <span class='ocrx_word' id='word_1_5' title='bbox 485 563 754 626; x_wconf 85' lang='lat' dir='ltr'>Lacedaemoniis</span> <span class='ocrx_word' id='word_1_6' title='bbox 788 563 905 625; x_wconf 83' lang='lat' dir='ltr'>iactam</span> <span class='ocrx_word' id='word_1_7' title='bbox 940 571 973 624; x_wconf 91' lang='lat' dir='ltr'>et</span> <span class='ocrx_word' id='word_1_8' title='bbox 1010 563 1261 626; x_wconf 88' lang='lat' dir='ltr'>Atheniensium</span> <span class='ocrx_word' id='word_1_9' title='bbox 1297 565 1440 646; x_wconf 89' lang='lat' dir='ltr'>ipsorum</span> 
     </span>
     <span class='ocr_line' id='line_1_3' title="bbox 143 672 1441 759; baseline -0.002 -21"><span class='ocrx_word' id='word_1_10' title='bbox 143 685 239 759; x_wconf 89' lang='lat' dir='ltr'>pacta</span> <span class='ocrx_word' id='word_1_11' title='bbox 261 676 441 737; x_wconf 91' lang='lat' dir='ltr'>discernere</span> <span class='ocrx_word' id='word_1_12' title='bbox 465 672 622 747; x_wconf 92' lang='lat' dir='ltr'>videntur,</span> <span class='ocrx_word' id='word_1_13' title='bbox 648 695 712 736; x_wconf 92' lang='lat' dir='ltr'>non</span> <span class='ocrx_word' id='word_1_14' title='bbox 738 677 865 740; x_wconf 86' lang='lat' dir='ltr'>refutari</span> <span class='ocrx_word' id='word_1_15' title='bbox 891 696 970 738; x_wconf 93' lang='lat' dir='ltr'>mox</span> <span class='ocrx_word' id='word_1_16' title='bbox 999 673 1181 737; x_wconf 89' lang='lat' dir='ltr'>videbimus</span> <span class='ocrx_word' id='word_1_17' title='bbox 1211 695 1284 736; x_wconf 91' lang='lat' dir='ltr'>eam</span> <span class='ocrx_word' id='word_1_18' title='bbox 1315 686 1441 737; x_wconf 90' lang='lat' dir='ltr'>senten-</span> 
     </span>
     <span class='ocr_line' id='line_1_4' title="bbox 142 783 1437 868; baseline -0.002 -21"><span class='ocrx_word' id='word_1_19' title='bbox 142 787 230 858; x_wconf 87' lang='lat' dir='ltr'>tiam,</span> <span class='ocrx_word' id='word_1_20' title='bbox 257 805 340 868; x_wconf 91' lang='lat' dir='ltr'>quae</span> <span class='ocrx_word' id='word_1_21' title='bbox 364 803 422 866; x_wconf 88' lang='lat' dir='ltr'>per</span> <span class='ocrx_word' id='word_1_22' title='bbox 446 803 480 846; x_wconf 91' lang='lat' dir='ltr'>se</span> <span class='ocrx_word' id='word_1_23' title='bbox 504 785 645 854; x_wconf 80' lang='lat' dir='ltr'>maxime</span> <span class='ocrx_word' id='word_1_24' title='bbox 670 796 718 847; x_wconf 92' lang='lat' dir='ltr'>est</span> <span class='ocrx_word' id='word_1_25' title='bbox 741 787 919 868; x_wconf 88' lang='lat' dir='ltr'>probabilis</span> <span class='ocrx_word' id='word_1_26' title='bbox 944 795 975 846; x_wconf 92' lang='lat' dir='ltr'>et</span> <span class='ocrx_word' id='word_1_27' title='bbox 1000 806 1018 846; x_wconf 88' lang='lat' dir='ltr'>a</span> <span class='ocrx_word' id='word_1_28' title='bbox 1049 783 1269 865; x_wconf 79' lang='lat' dir='ltr'>Xenophonte</span> <span class='ocrx_word' id='word_1_29' title='bbox 1301 784 1437 857; x_wconf 88' lang='lat' dir='ltr'>fulcitur,</span> 
     </span>
     <span class='ocr_line' id='line_1_5' title="bbox 142 894 1440 978; baseline -0.001 -22"><span class='ocrx_word' id='word_1_30' title='bbox 142 915 206 956; x_wconf 91' lang='lat' dir='ltr'>non</span> <span class='ocrx_word' id='word_1_31' title='bbox 232 896 410 956; x_wconf 88' lang='lat' dir='ltr'>seiunctam</span> <span class='ocrx_word' id='word_1_32' title='bbox 433 914 503 956; x_wconf 93' lang='lat' dir='ltr'>esse</span> <span class='ocrx_word' id='word_1_33' title='bbox 527 894 609 957; x_wconf 92' lang='lat' dir='ltr'>hanc</span> <span class='ocrx_word' id='word_1_34' title='bbox 632 897 818 976; x_wconf 85' lang='lat' dir='ltr'>pactionem</span> <span class='ocrx_word' id='word_1_35' title='bbox 850 899 891 958; x_wconf 88' lang='lat' dir='ltr'>ab</span> <span class='ocrx_word' id='word_1_36' title='bbox 923 917 970 969; x_wconf 86' lang='lat' dir='ltr'>ea,</span> <span class='ocrx_word' id='word_1_37' title='bbox 1006 917 1089 978; x_wconf 88' lang='lat' dir='ltr'>quae</span> <span class='ocrx_word' id='word_1_38' title='bbox 1126 896 1207 958; x_wconf 86' lang='lat' dir='ltr'>inter</span> <span class='ocrx_word' id='word_1_39' title='bbox 1241 894 1370 958; x_wconf 87' lang='lat' dir='ltr'>exsules</span> <span class='ocrx_word' id='word_1_40' title='bbox 1408 903 1440 955; x_wconf 92' lang='lat' dir='ltr'>et</span> 
     </span>
     <span class='ocr_line' id='line_1_6' title="bbox 140 1005 1438 1078; baseline -0.002 -12"><span class='ocrx_word' id='word_1_41' title='bbox 140 1005 281 1078; x_wconf 89' lang='lat' dir='ltr'>urbanos</span> <span class='ocrx_word' id='word_1_42' title='bbox 302 1005 385 1066; x_wconf 83' lang='lat' dir='ltr'>lacta</span> <span class='ocrx_word' id='word_1_43' title='bbox 410 1013 467 1065; x_wconf 91' lang='lat' dir='ltr'>est.</span> <span class='ocrx_word' id='word_1_44' title='bbox 515 1005 599 1066; x_wconf 92' lang='lat' dir='ltr'>Nam</span> <span class='ocrx_word' id='word_1_45' title='bbox 632 1015 667 1067; x_wconf 93' lang='lat' dir='ltr'>ut</span> <span class='ocrx_word' id='word_1_46' title='bbox 697 1028 770 1068; x_wconf 89' lang='lat' dir='ltr'>cnm</span> <span class='ocrx_word' id='word_1_47' title='bbox 802 1009 932 1070; x_wconf 86' lang='lat' dir='ltr'>civitate</span> <span class='ocrx_word' id='word_1_48' title='bbox 963 1005 1167 1068; x_wconf 87' lang='lat' dir='ltr'>reconciliata</span> <span class='ocrx_word' id='word_1_49' title='bbox 1198 1015 1230 1064; x_wconf 90' lang='lat' dir='ltr'>et</span> <span class='ocrx_word' id='word_1_50' title='bbox 1264 1005 1371 1066; x_wconf 89' lang='lat' dir='ltr'>denuo</span> <span class='ocrx_word' id='word_1_51' title='bbox 1395 1006 1438 1064; x_wconf 92' lang='lat' dir='ltr'>in-</span> 
     </span>
     <span class='ocr_line' id='line_1_7' title="bbox 140 1113 1439 1199; baseline -0.001 -25"><span class='ocrx_word' id='word_1_52' title='bbox 140 1114 252 1176; x_wconf 89' lang='lat' dir='ltr'>stituta</span> <span class='ocrx_word' id='word_1_53' title='bbox 265 1113 515 1178; x_wconf 86' lang='lat' dir='ltr'>Lacedaemonii</span> <span class='ocrx_word' id='word_1_54' title='bbox 531 1116 779 1196; x_wconf 84' lang='lat' dir='ltr'>paciscerentur,</span> <span class='ocrx_word' id='word_1_55' title='bbox 800 1118 867 1179; x_wconf 88' lang='lat' dir='ltr'>fieri</span> <span class='ocrx_word' id='word_1_56' title='bbox 888 1138 952 1178; x_wconf 92' lang='lat' dir='ltr'>non</span> <span class='ocrx_word' id='word_1_57' title='bbox 972 1117 1088 1198; x_wconf 89' lang='lat' dir='ltr'>potuit,</span> <span class='ocrx_word' id='word_1_58' title='bbox 1107 1115 1263 1199; x_wconf 91' lang='lat' dir='ltr'>quoniam</span> <span class='ocrx_word' id='word_1_59' title='bbox 1280 1115 1439 1196; x_wconf 88' lang='lat' dir='ltr'>paciscen-</span> 
     </span>
     <span class='ocr_line' id='line_1_8' title="bbox 140 1224 1439 1307; baseline -0.002 -21"><span class='ocrx_word' id='word_1_60' title='bbox 140 1224 218 1286; x_wconf 93' lang='lat' dir='ltr'>dum</span> <span class='ocrx_word' id='word_1_61' title='bbox 231 1234 309 1298; x_wconf 90' lang='lat' dir='ltr'>erat,</span> <span class='ocrx_word' id='word_1_62' title='bbox 320 1225 506 1307; x_wconf 86' lang='lat' dir='ltr'>priusquam</span> <span class='ocrx_word' id='word_1_63' title='bbox 517 1227 775 1288; x_wconf 86' lang='lat' dir='ltr'>reconciliaretur</span> <span class='ocrx_word' id='word_1_64' title='bbox 789 1236 820 1289; x_wconf 92' lang='lat' dir='ltr'>et</span> <span class='ocrx_word' id='word_1_65' title='bbox 831 1229 937 1289; x_wconf 90' lang='lat' dir='ltr'>denuo</span> <span class='ocrx_word' id='word_1_66' title='bbox 951 1227 1179 1288; x_wconf 88' lang='lat' dir='ltr'>institueretur.</span> <span class='ocrx_word' id='word_1_67' title='bbox 1198 1225 1307 1304; x_wconf 81' lang='lat' dir='ltr'>Quam</span> <span class='ocrx_word' id='word_1_68' title='bbox 1317 1225 1360 1286; x_wconf 95' lang='lat' dir='ltr'>ob</span> <span class='ocrx_word' id='word_1_69' title='bbox 1372 1245 1439 1285; x_wconf 90' lang='lat' dir='ltr'>rem</span> 
     </span>
     <span class='ocr_line' id='line_1_9' title="bbox 141 1333 1439 1418; baseline -0.001 -24"><span class='ocrx_word' id='word_1_70' title='bbox 141 1333 209 1396; x_wconf 88' lang='lat' dir='ltr'>sine</span> <span class='ocrx_word' id='word_1_71' title='bbox 226 1334 326 1395; x_wconf 89' lang='lat' dir='ltr'>dubio</span> <span class='ocrx_word' id='word_1_72' title='bbox 340 1355 397 1396; x_wconf 89' lang='lat' dir='ltr'>eae</span> <span class='ocrx_word' id='word_1_73' title='bbox 410 1335 627 1418; x_wconf 83' lang='lat' dir='ltr'>condiciones,</span> <span class='ocrx_word' id='word_1_74' title='bbox 638 1337 754 1418; x_wconf 90' lang='lat' dir='ltr'>quibus</span> <span class='ocrx_word' id='word_1_75' title='bbox 767 1340 979 1409; x_wconf 83' lang='lat' dir='ltr'>statuebatur,</span> <span class='ocrx_word' id='word_1_76' title='bbox 994 1357 1078 1417; x_wconf 85' lang='lat' dir='ltr'>quae</span> <span class='ocrx_word' id='word_1_77' title='bbox 1092 1337 1173 1397; x_wconf 91' lang='lat' dir='ltr'>ratio</span> <span class='ocrx_word' id='word_1_78' title='bbox 1187 1335 1303 1395; x_wconf 88' lang='lat' dir='ltr'>deinde</span> <span class='ocrx_word' id='word_1_79' title='bbox 1319 1334 1439 1395; x_wconf 85' lang='lat' dir='ltr'>ciuitati</span> 
     </span>
     <span class='ocr_line' id='line_1_10' title="bbox 141 1443 1439 1519; baseline 0 -15"><span class='ocrx_word' id='word_1_80' title='bbox 141 1463 214 1506; x_wconf 93' lang='lat' dir='ltr'>cum</span> <span class='ocrx_word' id='word_1_81' title='bbox 230 1443 497 1506; x_wconf 86' lang='lat' dir='ltr'>Lacedaemoniis</span> <span class='ocrx_word' id='word_1_82' title='bbox 510 1445 732 1519; x_wconf 87' lang='lat' dir='ltr'>intercederet,</span> <span class='ocrx_word' id='word_1_83' title='bbox 752 1468 825 1510; x_wconf 93' lang='lat' dir='ltr'>cum</span> <span class='ocrx_word' id='word_1_84' title='bbox 841 1449 956 1510; x_wconf 89' lang='lat' dir='ltr'>ceteris</span> <span class='ocrx_word' id='word_1_85' title='bbox 975 1448 1166 1508; x_wconf 89' lang='lat' dir='ltr'>coniunctae</span> <span class='ocrx_word' id='word_1_86' title='bbox 1183 1454 1266 1518; x_wconf 91' lang='lat' dir='ltr'>sunt,</span> <span class='ocrx_word' id='word_1_87' title='bbox 1288 1455 1321 1506; x_wconf 91' lang='lat' dir='ltr'>et</span> <span class='ocrx_word' id='word_1_88' title='bbox 1342 1443 1439 1504; x_wconf 84' lang='lat' dir='ltr'>Lace·</span> 
     </span>
     <span class='ocr_line' id='line_1_11' title="bbox 140 1554 1441 1638; baseline -0.001 -23"><span class='ocrx_word' id='word_1_89' title='bbox 140 1554 386 1616; x_wconf 91' lang='lat' dir='ltr'>daemoniorum</span> <span class='ocrx_word' id='word_1_90' title='bbox 406 1574 471 1626; x_wconf 88' lang='lat' dir='ltr'>rex,</span> <span class='ocrx_word' id='word_1_91' title='bbox 490 1555 602 1635; x_wconf 86' lang='lat' dir='ltr'>ephori</span> <span class='ocrx_word' id='word_1_92' title='bbox 618 1556 692 1628; x_wconf 90' lang='lat' dir='ltr'>du0,</span> <span class='ocrx_word' id='word_1_93' title='bbox 708 1557 804 1636; x_wconf 82' lang='lat' dir='ltr'>legati</span> <span class='ocrx_word' id='word_1_94' title='bbox 825 1558 1009 1638; x_wconf 92' lang='lat' dir='ltr'>quindecim</span> <span class='ocrx_word' id='word_1_95' title='bbox 1026 1557 1119 1617; x_wconf 92' lang='lat' dir='ltr'>simul</span> <span class='ocrx_word' id='word_1_96' title='bbox 1142 1577 1216 1617; x_wconf 90' lang='lat' dir='ltr'>cum</span> <span class='ocrx_word' id='word_1_97' title='bbox 1232 1554 1441 1617; x_wconf 81' lang='lat' dir='ltr'>Atheniensi·</span> 
     </span>
     <span class='ocr_line' id='line_1_12' title="bbox 140 1662 1438 1749; baseline 0 -25"><span class='ocrx_word' id='word_1_98' title='bbox 140 1666 202 1724; x_wconf 92' lang='lat' dir='ltr'>bus</span> <span class='ocrx_word' id='word_1_99' title='bbox 215 1662 417 1725; x_wconf 88' lang='lat' dir='ltr'>iureiurando</span> <span class='ocrx_word' id='word_1_100' title='bbox 427 1684 542 1745; x_wconf 90' lang='lat' dir='ltr'>pacem</span> <span class='ocrx_word' id='word_1_101' title='bbox 556 1675 739 1739; x_wconf 90' lang='lat' dir='ltr'>sanxerunt,</span> <span class='ocrx_word' id='word_1_102' title='bbox 757 1668 798 1728; x_wconf 87' lang='lat' dir='ltr'>de</span> <span class='ocrx_word' id='word_1_103' title='bbox 814 1689 878 1748; x_wconf 92' lang='lat' dir='ltr'>qua</span> <span class='ocrx_word' id='word_1_104' title='bbox 888 1668 1080 1749; x_wconf 87' lang='lat' dir='ltr'>quaestione</span> <span class='ocrx_word' id='word_1_105' title='bbox 1094 1665 1242 1727; x_wconf 84' lang='lat' dir='ltr'>conseras</span> <span class='ocrx_word' id='word_1_106' title='bbox 1256 1683 1438 1736; x_wconf 90' lang='lat' dir='ltr'>excursum,</span> 
     </span>
     <span class='ocr_line' id='line_1_13' title="bbox 143 1773 1441 1858; baseline -0.001 -24"><span class='ocrx_word' id='word_1_107' title='bbox 143 1775 174 1854; x_wconf 57' lang='grc' dir='ltr'>(ᾖ</span> <span class='ocrx_word' id='word_1_108' title='bbox 189 1777 223 1854; x_wconf 87' lang='grc'>9)</span> <span class='ocrx_word' id='word_1_109' title='bbox 241 1773 315 1835; x_wconf 90' lang='lat' dir='ltr'>huic</span> <span class='ocrx_word' id='word_1_110' title='bbox 330 1775 428 1855; x_wconf 90' lang='lat' dir='ltr'>capiti</span> <span class='ocrx_word' id='word_1_111' title='bbox 444 1775 590 1836; x_wconf 90' lang='lat' dir='ltr'>additum</span> <span class='ocrx_word' id='word_1_112' title='bbox 607 1777 671 1858; x_wconf 67' lang='grc' dir='ltr'>ετξ</span> <span class='ocrx_word' id='word_1_113' title='bbox 693 1793 739 1837; x_wconf 86' lang='lat'>12.</span> <span class='ocrx_word' id='word_1_114' title='bbox 764 1777 941 1856; x_wconf 87' lang='lat' dir='ltr'>Propterea</span> <span class='ocrx_word' id='word_1_115' title='bbox 959 1776 1143 1856; x_wconf 87' lang='lat' dir='ltr'>Xenophon</span> <span class='ocrx_word' id='word_1_116' title='bbox 1163 1775 1309 1857; x_wconf 68' lang='lat'><em>(11436)</em></span> <span class='ocrx_word' id='word_1_117' title='bbox 1327 1793 1441 1834; x_wconf 91' lang='lat' dir='ltr'>omnes</span> 
     </span>
     <span class='ocr_line' id='line_1_14' title="bbox 141 1858 1439 1969; baseline 0.001 -27"><span class='ocrx_word' id='word_1_118' title='bbox 141 1882 236 1944; x_wconf 89' lang='lat' dir='ltr'>huius</span> <span class='ocrx_word' id='word_1_119' title='bbox 245 1885 335 1966; x_wconf 89' lang='lat' dir='ltr'>pacis</span> <span class='ocrx_word' id='word_1_120' title='bbox 345 1885 552 1946; x_wconf 90' lang='lat' dir='ltr'>condiciones</span> <span class='ocrx_word' id='word_1_121' title='bbox 562 1885 602 1946; x_wconf 90' lang='lat' dir='ltr'>ab</span> <span class='ocrx_word' id='word_1_122' title='bbox 619 1885 783 1948; x_wconf 91' lang='lat' dir='ltr'>exsulibus</span> <span class='ocrx_word' id='word_1_123' title='bbox 795 1887 980 1968; x_wconf 91' lang='lat' dir='ltr'>propositas</span> <span class='ocrx_word' id='word_1_124' title='bbox 988 1858 1130 1969; x_wconf 86' lang='lat' dir='ltr'>appellat</span> <span class='ocrx_word' id='word_1_125' title='bbox 1151 1881 1229 1956; x_wconf 74' lang='grc' dir='ltr'>»τὰς</span> <span class='ocrx_word' id='word_1_126' title='bbox 1244 1882 1327 1967; x_wconf 76' lang='grc' dir='ltr'>πρὸς</span> <span class='ocrx_word' id='word_1_127' title='bbox 1343 1886 1439 1944; x_wconf 77' lang='grc' dir='ltr'><em>Λακε-</em></span> 
     </span>
     <span class='ocr_line' id='line_1_15' title="bbox 142 1992 1440 2084; baseline -0.002 -29"><span class='ocrx_word' id='word_1_128' title='bbox 142 1992 324 2074; x_wconf 73' lang='grc' dir='ltr'><strong><em>δαιμονίους</em></strong></span> <span class='ocrx_word' id='word_1_129' title='bbox 337 1993 509 2068; x_wconf 69' lang='grc' dir='ltr'><em>σπονδάς.ς</em></span> <span class='ocrx_word' id='word_1_130' title='bbox 535 1995 607 2057; x_wconf 93' lang='lat' dir='ltr'>Hae</span> <span class='ocrx_word' id='word_1_131' title='bbox 620 1997 705 2058; x_wconf 91' lang='lat' dir='ltr'>enim</span> <span class='ocrx_word' id='word_1_132' title='bbox 719 1997 936 2084; x_wconf 71' lang='lat' dir='ltr'>condiciones</span> <span class='ocrx_word' id='word_1_133' title='bbox 962 1997 1156 2078; x_wconf 88' lang='lat' dir='ltr'>quibuscum</span> <span class='ocrx_word' id='word_1_134' title='bbox 1170 1995 1318 2055; x_wconf 90' lang='lat' dir='ltr'>exsulum</span> <span class='ocrx_word' id='word_1_135' title='bbox 1342 1993 1440 2070; x_wconf 82' lang='lat' dir='ltr'>legati</span> 
     </span>
     <span class='ocr_line' id='line_1_16' title="bbox 142 2101 1440 2188; baseline -0.001 -25"><span class='ocrx_word' id='word_1_136' title='bbox 142 2101 294 2184; x_wconf 84' lang='lat' dir='ltr'>Spartam</span> <span class='ocrx_word' id='word_1_137' title='bbox 318 2105 497 2178; x_wconf 91' lang='lat' dir='ltr'>mittuntur,</span> <span class='ocrx_word' id='word_1_138' title='bbox 523 2107 655 2168; x_wconf 90' lang='lat' dir='ltr'>easdem</span> <span class='ocrx_word' id='word_1_139' title='bbox 678 2107 744 2180; x_wconf 50' lang='lat' dir='ltr'>,fere</span> <span class='ocrx_word' id='word_1_140' title='bbox 769 2127 849 2181; x_wconf 90' lang='lat' dir='ltr'>esse,</span> <span class='ocrx_word' id='word_1_141' title='bbox 882 2109 1000 2188; x_wconf 90' lang='lat' dir='ltr'>quibus</span> <span class='ocrx_word' id='word_1_142' title='bbox 1027 2107 1125 2187; x_wconf 93' lang='lat' dir='ltr'>paulo</span> <span class='ocrx_word' id='word_1_143' title='bbox 1150 2113 1225 2186; x_wconf 91' lang='lat' dir='ltr'>post</span> <span class='ocrx_word' id='word_1_144' title='bbox 1259 2124 1323 2185; x_wconf 87' lang='lat' dir='ltr'>pax</span> <span class='ocrx_word' id='word_1_145' title='bbox 1356 2102 1440 2165; x_wconf 86' lang='lat' dir='ltr'>facta</span> 
     </span>
     <span class='ocr_line' id='line_1_17' title="bbox 141 2213 1441 2300; baseline 0.001 -27"><span class='ocrx_word' id='word_1_146' title='bbox 141 2213 192 2284; x_wconf 88' lang='lat' dir='ltr'>sit,</span> <span class='ocrx_word' id='word_1_147' title='bbox 218 2213 293 2274; x_wconf 91' lang='lat' dir='ltr'>ideo</span> <span class='ocrx_word' id='word_1_148' title='bbox 314 2215 484 2277; x_wconf 89' lang='lat' dir='ltr'>verisimile</span> <span class='ocrx_word' id='word_1_149' title='bbox 513 2225 571 2290; x_wconf 90' lang='lat' dir='ltr'>est,</span> <span class='ocrx_word' id='word_1_150' title='bbox 606 2218 694 2300; x_wconf 91' lang='lat' dir='ltr'>quod</span> <span class='ocrx_word' id='word_1_151' title='bbox 725 2218 788 2279; x_wconf 89' lang='lat' dir='ltr'>iam</span> <span class='ocrx_word' id='word_1_152' title='bbox 824 2238 877 2279; x_wconf 90' lang='lat' dir='ltr'>eas</span> <span class='ocrx_word' id='word_1_153' title='bbox 901 2217 1058 2278; x_wconf 88' lang='lat' dir='ltr'>Pausania</span> <span class='ocrx_word' id='word_1_154' title='bbox 1088 2233 1221 2278; x_wconf 84' lang='lat' dir='ltr'>auctore</span> <span class='ocrx_word' id='word_1_155' title='bbox 1250 2235 1441 2296; x_wconf 89' lang='lat' dir='ltr'>composue-</span> 
     </span>
     <span class='ocr_line' id='line_1_18' title="bbox 144 2325 1441 2409; baseline -0.001 -26"><span class='ocrx_word' id='word_1_156' title='bbox 144 2333 223 2388; x_wconf 90' lang='lat' dir='ltr'>rant.</span> <span class='ocrx_word' id='word_1_157' title='bbox 271 2325 382 2407; x_wconf 80' lang='lat' dir='ltr'>Atque</span> <span class='ocrx_word' id='word_1_158' title='bbox 407 2335 533 2387; x_wconf 89' lang='lat' dir='ltr'>tantum</span> <span class='ocrx_word' id='word_1_159' title='bbox 556 2327 659 2398; x_wconf 91' lang='lat' dir='ltr'>abest,</span> <span class='ocrx_word' id='word_1_160' title='bbox 685 2336 720 2387; x_wconf 93' lang='lat' dir='ltr'>ut</span> <span class='ocrx_word' id='word_1_161' title='bbox 738 2328 819 2389; x_wconf 91' lang='lat' dir='ltr'>inter</span> <span class='ocrx_word' id='word_1_162' title='bbox 843 2348 896 2389; x_wconf 88' lang='lat' dir='ltr'>eas</span> <span class='ocrx_word' id='word_1_163' title='bbox 914 2327 1089 2395; x_wconf 85' lang='lat' dir='ltr'>omiserint,</span> <span class='ocrx_word' id='word_1_164' title='bbox 1116 2325 1284 2409; x_wconf 93' lang='lat' dir='ltr'>quomodo</span> <span class='ocrx_word' id='word_1_165' title='bbox 1303 2325 1441 2384; x_wconf 85' lang='lat' dir='ltr'>reditum</span> 
     </span>
     <span class='ocr_line' id='line_1_19' title="bbox 141 2434 1331 2507; baseline -0.001 -12"><span class='ocrx_word' id='word_1_166' title='bbox 141 2434 317 2495; x_wconf 87' lang='lat' dir='ltr'>assecuturi</span> <span class='ocrx_word' id='word_1_167' title='bbox 342 2445 460 2507; x_wconf 90' lang='lat' dir='ltr'>essent,</span> <span class='ocrx_word' id='word_1_168' title='bbox 486 2445 520 2497; x_wconf 93' lang='lat' dir='ltr'>ut</span> <span class='ocrx_word' id='word_1_169' title='bbox 543 2454 671 2497; x_wconf 88' lang='lat' dir='ltr'>summa</span> <span class='ocrx_word' id='word_1_170' title='bbox 694 2457 803 2498; x_wconf 90' lang='lat' dir='ltr'>earum</span> <span class='ocrx_word' id='word_1_171' title='bbox 828 2437 907 2498; x_wconf 91' lang='lat' dir='ltr'>haec</span> <span class='ocrx_word' id='word_1_172' title='bbox 931 2437 1081 2498; x_wconf 91' lang='lat' dir='ltr'>condicio</span> <span class='ocrx_word' id='word_1_173' title='bbox 1106 2435 1256 2497; x_wconf 87' lang='lat' dir='ltr'>habenda</span> <span class='ocrx_word' id='word_1_174' title='bbox 1281 2435 1331 2496; x_wconf 90' lang='lat' dir='ltr'>sit.</span> 
     </span>
    </p>

    <p class='ocr_par' dir='ltr' id='par_1_3' title="bbox 141 2543 1443 3071">
     <span class='ocr_line' id='line_1_20' title="bbox 167 2543 1441 2629; baseline 0.001 -26"><span class='ocrx_word' id='word_1_175' title='bbox 167 2561 170 2566; x_wconf 75' lang='grc'><strong>’</strong></span> <span class='ocrx_word' id='word_1_176' title='bbox 249 2543 331 2605; x_wconf 92' lang='lat' dir='ltr'>Pace</span> <span class='ocrx_word' id='word_1_177' title='bbox 355 2555 465 2607; x_wconf 90' lang='lat' dir='ltr'>autem</span> <span class='ocrx_word' id='word_1_178' title='bbox 490 2547 672 2629; x_wconf 88' lang='lat' dir='ltr'>composita</span> <span class='ocrx_word' id='word_1_179' title='bbox 696 2555 728 2607; x_wconf 89' lang='lat' dir='ltr'>et</span> <span class='ocrx_word' id='word_1_180' title='bbox 754 2547 958 2608; x_wconf 90' lang='lat' dir='ltr'>iureiurando</span> <span class='ocrx_word' id='word_1_181' title='bbox 982 2557 1094 2607; x_wconf 87' lang='lat' dir='ltr'>sancta</span> <span class='ocrx_word' id='word_1_182' title='bbox 1119 2547 1149 2606; x_wconf 92' lang='lat' dir='ltr'>in</span> <span class='ocrx_word' id='word_1_183' title='bbox 1174 2547 1289 2607; x_wconf 88' lang='lat' dir='ltr'>urbem</span> <span class='ocrx_word' id='word_1_184' title='bbox 1313 2543 1441 2606; x_wconf 81' lang='lat' dir='ltr'>exsules</span> 
     </span>
     <span class='ocr_line' id='line_1_21' title="bbox 142 2654 1441 2740; baseline 0 -26"><span class='ocrx_word' id='word_1_185' title='bbox 142 2654 314 2726; x_wconf 89' lang='lat' dir='ltr'>redierunt,</span> <span class='ocrx_word' id='word_1_186' title='bbox 340 2674 437 2737; x_wconf 92' lang='lat' dir='ltr'>quem</span> <span class='ocrx_word' id='word_1_187' title='bbox 462 2655 628 2716; x_wconf 89' lang='lat' dir='ltr'>introitum</span> <span class='ocrx_word' id='word_1_188' title='bbox 659 2655 776 2718; x_wconf 79' lang='lat' dir='ltr'>festum</span> <span class='ocrx_word' id='word_1_189' title='bbox 806 2658 977 2740; x_wconf 88' lang='lat' dir='ltr'>praecipue</span> <span class='ocrx_word' id='word_1_190' title='bbox 1002 2657 1132 2736; x_wconf 83' lang='lat' dir='ltr'>Lysiam</span> <span class='ocrx_word' id='word_1_191' title='bbox 1157 2655 1231 2717; x_wconf 91' lang='lat' dir='ltr'>Xlll</span> <span class='ocrx_word' id='word_1_192' title='bbox 1258 2658 1299 2716; x_wconf 87' lang='lat'>80</span> <span class='ocrx_word' id='word_1_193' title='bbox 1323 2677 1369 2738; x_wconf 92' lang='lat' dir='ltr'>sq.</span> <span class='ocrx_word' id='word_1_194' title='bbox 1396 2675 1441 2715; x_wconf 91' lang='lat' dir='ltr'>se-</span> 
     </span>
     <span class='ocr_line' id='line_1_22' title="bbox 141 2764 1438 2850; baseline 0.002 -26"><span class='ocrx_word' id='word_1_195' title='bbox 141 2765 206 2825; x_wconf 91' lang='lat' dir='ltr'>cuti</span> <span class='ocrx_word' id='word_1_196' title='bbox 239 2764 297 2825; x_wconf 91' lang='lat' dir='ltr'>viri</span> <span class='ocrx_word' id='word_1_197' title='bbox 333 2765 422 2826; x_wconf 90' lang='lat' dir='ltr'>docti</span> <span class='ocrx_word' id='word_1_198' title='bbox 457 2767 651 2827; x_wconf 89' lang='lat' dir='ltr'>recentiores</span> <span class='ocrx_word' id='word_1_199' title='bbox 687 2767 869 2850; x_wconf 92' lang='lat' dir='ltr'>complures</span> <span class='ocrx_word' id='word_1_200' title='bbox 904 2776 989 2828; x_wconf 91' lang='lat' dir='ltr'>recte</span> <span class='ocrx_word' id='word_1_201' title='bbox 1025 2776 1163 2830; x_wconf 87' lang='lat' dir='ltr'>narrant.</span> <span class='ocrx_word' id='word_1_202' title='bbox 1218 2765 1294 2825; x_wconf 89' lang='lat' dir='ltr'>Belli</span> <span class='ocrx_word' id='word_1_203' title='bbox 1329 2775 1438 2826; x_wconf 88' lang='lat' dir='ltr'>autem</span> 
     </span>
     <span class='ocr_line' id='line_1_23' title="bbox 142 2873 1442 2960; baseline 0.003 -26"><span class='ocrx_word' id='word_1_204' title='bbox 142 2873 296 2936; x_wconf 86' lang='lat' dir='ltr'>Eleusinii</span> <span class='ocrx_word' id='word_1_205' title='bbox 322 2884 447 2957; x_wconf 90' lang='lat' dir='ltr'>praeter</span> <span class='ocrx_word' id='word_1_206' title='bbox 464 2875 715 2960; x_wconf 87' lang='lat' dir='ltr'>Xenophontem</span> <span class='ocrx_word' id='word_1_207' title='bbox 741 2886 773 2938; x_wconf 91' lang='lat' dir='ltr'>et</span> <span class='ocrx_word' id='word_1_208' title='bbox 792 2877 952 2957; x_wconf 89' lang='lat' dir='ltr'>Justinum</span> <span class='ocrx_word' id='word_1_209' title='bbox 977 2898 1059 2938; x_wconf 93' lang='lat' dir='ltr'>unus</span> <span class='ocrx_word' id='word_1_210' title='bbox 1081 2877 1170 2936; x_wconf 89' lang='lat' dir='ltr'>Plato</span> <span class='ocrx_word' id='word_1_211' title='bbox 1188 2876 1271 2936; x_wconf 85' lang='lat' dir='ltr'>Men.</span> <span class='ocrx_word' id='word_1_212' title='bbox 1304 2893 1340 2950; x_wconf 74' lang='lat'>14</span> <span class='ocrx_word' id='word_1_213' title='bbox 1366 2875 1442 2938; x_wconf 84' lang='lat' dir='ltr'>facit</span> 
     </span>
     <span class='ocr_line' id='line_1_24' title="bbox 144 2983 1443 3071; baseline 0.002 -26"><span class='ocrx_word' id='word_1_214' title='bbox 144 2986 343 3048; x_wconf 87' lang='lat' dir='ltr'>mentionem</span> <span class='ocrx_word' id='word_1_215' title='bbox 361 2994 392 3047; x_wconf 90' lang='lat' dir='ltr'>et</span> <span class='ocrx_word' id='word_1_216' title='bbox 408 2985 517 3048; x_wconf 84' lang='lat' dir='ltr'>laudnt</span> <span class='ocrx_word' id='word_1_217' title='bbox 532 2986 750 3048; x_wconf 87' lang='lat' dir='ltr'>Athenienses</span> <span class='ocrx_word' id='word_1_218' title='bbox 767 2998 898 3071; x_wconf 89' lang='lat' dir='ltr'>propter</span> <span class='ocrx_word' id='word_1_219' title='bbox 915 2988 1188 3052; x_wconf 85' lang='lat' dir='ltr'>moderationem:</span> <span class='ocrx_word' id='word_1_220' title='bbox 1217 2983 1295 3048; x_wconf 76' lang='lat' dir='ltr'>»criu</span> <span class='ocrx_word' id='word_1_221' title='bbox 1310 2984 1443 3068; x_wconf 75' lang='grc' dir='ltr'><em>τετρὰς</em></span> 
     </span>
    </p>
   </div>
   <div class='ocr_carea' id='block_1_3' title="bbox 144 3089 1445 3512">
    <p class='ocr_par' dir='ltr' id='par_1_4' title="bbox 144 3089 1445 3512">
     <span class='ocr_line' id='line_1_25' title="bbox 144 3089 1445 3181; baseline -0.002 -23"><span class='ocrx_word' id='word_1_222' title='bbox 144 3091 222 3168; x_wconf 78' lang='grc' dir='ltr'><em>τοὺς</em></span> <span class='ocrx_word' id='word_1_223' title='bbox 246 3089 399 3158; x_wconf 77' lang='grc' dir='ltr'><em>Ἐλευσῖνι</em></span> <span class='ocrx_word' id='word_1_224' title='bbox 430 3094 573 3180; x_wconf 73' lang='grc' dir='ltr'><strong><em>πόλεμον</em></strong></span> <span class='ocrx_word' id='word_1_225' title='bbox 595 3090 639 3170; x_wconf 70' lang='grc' dir='ltr'>ὡς</span> <span class='ocrx_word' id='word_1_226' title='bbox 668 3098 807 3181; x_wconf 79' lang='grc' dir='ltr'><em>μετρίως</em></span> <span class='ocrx_word' id='word_1_227' title='bbox 836 3094 984 3173; x_wconf 51' lang='lat' dir='ltr'>turmo„</span> <span class='ocrx_word' id='word_1_228' title='bbox 1019 3118 1102 3180; x_wconf 89' lang='lat' dir='ltr'>quae</span> <span class='ocrx_word' id='word_1_229' title='bbox 1133 3096 1202 3158; x_wconf 90' lang='lat' dir='ltr'>laus</span> <span class='ocrx_word' id='word_1_230' title='bbox 1231 3096 1354 3156; x_wconf 91' lang='lat' dir='ltr'>insidiis</span> <span class='ocrx_word' id='word_1_231' title='bbox 1387 3095 1445 3156; x_wconf 93' lang='lat' dir='ltr'>illis</span> 
     </span>
     <span class='ocr_line' id='line_1_26' title="bbox 144 3203 1445 3293; baseline -0.001 -25"><span class='ocrx_word' id='word_1_232' title='bbox 144 3203 300 3284; x_wconf 84' lang='lat' dir='ltr'>neglectis</span> <span class='ocrx_word' id='word_1_233' title='bbox 323 3225 388 3267; x_wconf 92' lang='lat' dir='ltr'>non</span> <span class='ocrx_word' id='word_1_234' title='bbox 412 3206 575 3269; x_wconf 89' lang='lat' dir='ltr'>immerito</span> <span class='ocrx_word' id='word_1_235' title='bbox 598 3209 643 3270; x_wconf 92' lang='lat' dir='ltr'>eis</span> <span class='ocrx_word' id='word_1_236' title='bbox 678 3208 837 3280; x_wconf 91' lang='lat' dir='ltr'>tribuitur,</span> <span class='ocrx_word' id='word_1_237' title='bbox 874 3209 951 3291; x_wconf 89' lang='lat' dir='ltr'>quia</span> <span class='ocrx_word' id='word_1_238' title='bbox 975 3209 1085 3293; x_wconf 90' lang='lat' dir='ltr'>paucis</span> <span class='ocrx_word' id='word_1_239' title='bbox 1108 3207 1244 3268; x_wconf 89' lang='lat' dir='ltr'>ducibus</span> <span class='ocrx_word' id='word_1_240' title='bbox 1268 3205 1445 3267; x_wconf 83' lang='lat' dir='ltr'>intersectis</span> 
     </span>
     <span class='ocr_line' id='line_1_27' title="bbox 144 3315 1444 3402; baseline -0.005 -20"><span class='ocrx_word' id='word_1_241' title='bbox 144 3316 260 3382; x_wconf 86' lang='lat' dir='ltr'>ceteris</span> <span class='ocrx_word' id='word_1_242' title='bbox 290 3326 505 3400; x_wconf 89' lang='lat' dir='ltr'>pepercerunt</span> <span class='ocrx_word' id='word_1_243' title='bbox 532 3328 564 3380; x_wconf 90' lang='lat' dir='ltr'>et</span> <span class='ocrx_word' id='word_1_244' title='bbox 597 3338 652 3379; x_wconf 91' lang='lat' dir='ltr'>eos</span> <span class='ocrx_word' id='word_1_245' title='bbox 683 3318 714 3379; x_wconf 94' lang='lat' dir='ltr'>in</span> <span class='ocrx_word' id='word_1_246' title='bbox 746 3319 859 3380; x_wconf 91' lang='lat' dir='ltr'>urbem</span> <span class='ocrx_word' id='word_1_247' title='bbox 884 3327 1076 3402; x_wconf 89' lang='lat' dir='ltr'>receperunt</span> <span class='ocrx_word' id='word_1_248' title='bbox 1100 3328 1133 3380; x_wconf 93' lang='lat' dir='ltr'>et</span> <span class='ocrx_word' id='word_1_249' title='bbox 1157 3315 1344 3378; x_wconf 90' lang='lat' dir='ltr'>iniuriarum</span> <span class='ocrx_word' id='word_1_250' title='bbox 1368 3315 1444 3378; x_wconf 91' lang='lat' dir='ltr'>obli-</span> 
     </span>
     <span class='ocr_line' id='line_1_28' title="bbox 144 3426 1441 3512; baseline -0.002 -23"><span class='ocrx_word' id='word_1_251' title='bbox 144 3427 275 3489; x_wconf 86' lang='lat' dir='ltr'>vionem</span> <span class='ocrx_word' id='word_1_252' title='bbox 307 3429 353 3489; x_wconf 91' lang='lat' dir='ltr'>eis</span> <span class='ocrx_word' id='word_1_253' title='bbox 383 3428 609 3512; x_wconf 88' lang='lat' dir='ltr'>praebuerunt.</span> <span class='ocrx_word' id='word_1_254' title='bbox 658 3428 818 3490; x_wconf 87' lang='lat' dir='ltr'>Monstrat</span> <span class='ocrx_word' id='word_1_255' title='bbox 849 3437 1017 3511; x_wconf 88' lang='lat' dir='ltr'>praeterea</span> <span class='ocrx_word' id='word_1_256' title='bbox 1040 3426 1099 3490; x_wconf 90' lang='lat' dir='ltr'>has</span> <span class='ocrx_word' id='word_1_257' title='bbox 1125 3427 1256 3489; x_wconf 87' lang='lat' dir='ltr'>insidias</span> <span class='ocrx_word' id='word_1_258' title='bbox 1280 3427 1441 3488; x_wconf 86' lang='lat' dir='ltr'>Isocrates</span> 
     </span>
    </p>
   </div>
   <div class='ocr_carea' id='block_1_4' title="bbox 144 3534 1480 4618">
    <p class='ocr_par' dir='ltr' id='par_1_5' title="bbox 144 3534 1379 3618">
     <span class='ocr_line' id='line_1_29' title="bbox 144 3534 1379 3618; baseline -0.001 -18"><span class='ocrx_word' id='word_1_259' title='bbox 144 3537 204 3600; x_wconf 91' lang='lat' dir='ltr'>Vll</span> <span class='ocrx_word' id='word_1_260' title='bbox 228 3538 269 3618; x_wconf 90' lang='lat'>67</span> <span class='ocrx_word' id='word_1_261' title='bbox 294 3539 420 3605; x_wconf 89' lang='lat' dir='ltr'>verbis:</span> <span class='ocrx_word' id='word_1_262' title='bbox 450 3535 588 3612; x_wconf 72' lang='grc' dir='ltr'><em>»αὐτοὺς</em></span> <span class='ocrx_word' id='word_1_263' title='bbox 611 3536 689 3612; x_wconf 77' lang='grc' dir='ltr'><em>τοὺς</em></span> <span class='ocrx_word' id='word_1_264' title='bbox 709 3537 927 3612; x_wconf 71' lang='grc' dir='ltr'><em>αἰτιωτάτους</em></span> <span class='ocrx_word' id='word_1_265' title='bbox 950 3546 1018 3601; x_wconf 80' lang='grc' dir='ltr'>τῶν</span> <span class='ocrx_word' id='word_1_266' title='bbox 1040 3545 1153 3601; x_wconf 78' lang='grc' dir='ltr'><strong><em>κακῶν</em></strong></span> <span class='ocrx_word' id='word_1_267' title='bbox 1176 3534 1379 3610; x_wconf 56' lang='lat' dir='ltr'>duetorem«</span> 
     </span>
    </p>

    <p class='ocr_par' dir='ltr' id='par_1_6' title="bbox 144 3631 1480 4618">
     <span class='ocr_line' id='line_1_30' title="bbox 251 3631 1480 3732; baseline -0.004 -22"><span class='ocrx_word' id='word_1_268' title='bbox 251 3648 349 3729; x_wconf 86' lang='lat' dir='ltr'>Quod</span> <span class='ocrx_word' id='word_1_269' title='bbox 372 3659 481 3711; x_wconf 89' lang='lat' dir='ltr'>autem</span> <span class='ocrx_word' id='word_1_270' title='bbox 505 3649 546 3711; x_wconf 89' lang='lat' dir='ltr'>ad</span> <span class='ocrx_word' id='word_1_271' title='bbox 570 3649 761 3710; x_wconf 85' lang='lat' dir='ltr'>amnestiam</span> <span class='ocrx_word' id='word_1_272' title='bbox 785 3650 889 3731; x_wconf 89' lang='lat' dir='ltr'>ipsam</span> <span class='ocrx_word' id='word_1_273' title='bbox 913 3651 1036 3722; x_wconf 91' lang='lat' dir='ltr'>attinet,</span> <span class='ocrx_word' id='word_1_274' title='bbox 1064 3658 1162 3710; x_wconf 91' lang='lat' dir='ltr'>restat</span> <span class='ocrx_word' id='word_1_275' title='bbox 1195 3648 1343 3732; x_wconf 88' lang='lat' dir='ltr'>quaestio</span> <span class='ocrx_word' id='word_1_276' title='bbox 1374 3665 1444 3724; x_wconf 86' lang='lat' dir='ltr'>gra·</span> <span class='ocrx_word' id='word_1_277' title='bbox 1468 3631 1480 3656; x_wconf 61' lang='lat'>³</span> 
     </span>
     <span class='ocr_line' id='line_1_31' title="bbox 144 3757 1444 3842; baseline -0.002 -22"><span class='ocrx_word' id='word_1_278' title='bbox 144 3758 275 3820; x_wconf 88' lang='lat' dir='ltr'>vissima</span> <span class='ocrx_word' id='word_1_279' title='bbox 298 3767 330 3820; x_wconf 90' lang='lat' dir='ltr'>et</span> <span class='ocrx_word' id='word_1_280' title='bbox 354 3758 548 3832; x_wconf 82' lang='lat' dir='ltr'>difficillima,</span> <span class='ocrx_word' id='word_1_281' title='bbox 574 3759 615 3820; x_wconf 93' lang='lat' dir='ltr'>de</span> <span class='ocrx_word' id='word_1_282' title='bbox 638 3779 702 3842; x_wconf 88' lang='lat' dir='ltr'>qua</span> <span class='ocrx_word' id='word_1_283' title='bbox 727 3780 744 3820; x_wconf 99' lang='lat' dir='ltr'>e</span> <span class='ocrx_word' id='word_1_284' title='bbox 767 3761 977 3838; x_wconf 89' lang='lat' dir='ltr'>scriptoribus</span> <span class='ocrx_word' id='word_1_285' title='bbox 1002 3759 1108 3823; x_wconf 91' lang='lat' dir='ltr'>adhuc</span> <span class='ocrx_word' id='word_1_286' title='bbox 1139 3757 1338 3839; x_wconf 90' lang='lat' dir='ltr'>perlustratis</span> <span class='ocrx_word' id='word_1_287' title='bbox 1368 3757 1444 3818; x_wconf 90' lang='lat' dir='ltr'>diiu-</span> 
     </span>
     <span class='ocr_line' id='line_1_32' title="bbox 146 3868 1445 3952; baseline -0.001 -23"><span class='ocrx_word' id='word_1_288' title='bbox 146 3868 244 3931; x_wconf 91' lang='lat' dir='ltr'>dicari</span> <span class='ocrx_word' id='word_1_289' title='bbox 273 3888 338 3931; x_wconf 91' lang='lat' dir='ltr'>non</span> <span class='ocrx_word' id='word_1_290' title='bbox 369 3877 495 3952; x_wconf 89' lang='lat' dir='ltr'>potest,</span> <span class='ocrx_word' id='word_1_291' title='bbox 528 3870 696 3952; x_wconf 91' lang='lat' dir='ltr'>quomodo</span> <span class='ocrx_word' id='word_1_292' title='bbox 726 3872 854 3933; x_wconf 91' lang='lat' dir='ltr'>decreta</span> <span class='ocrx_word' id='word_1_293' title='bbox 878 3872 918 3932; x_wconf 90' lang='lat' dir='ltr'>sit</span> <span class='ocrx_word' id='word_1_294' title='bbox 940 3881 973 3933; x_wconf 93' lang='lat' dir='ltr'>et</span> <span class='ocrx_word' id='word_1_295' title='bbox 995 3868 1212 3952; x_wconf 85' lang='lat' dir='ltr'>promulgata.</span> <span class='ocrx_word' id='word_1_296' title='bbox 1261 3869 1445 3948; x_wconf 81' lang='lat' dir='ltr'>Quominus</span> 
     </span>
     <span class='ocr_line' id='line_1_33' title="bbox 145 3978 1445 4065; baseline 0 -25"><span class='ocrx_word' id='word_1_297' title='bbox 145 3988 299 4059; x_wconf 88' lang='lat' dir='ltr'>putemus</span> <span class='ocrx_word' id='word_1_298' title='bbox 322 3978 539 4041; x_wconf 89' lang='lat' dir='ltr'>Athenienses</span> <span class='ocrx_word' id='word_1_299' title='bbox 563 3982 715 4053; x_wconf 90' lang='lat' dir='ltr'>cumeis,</span> <span class='ocrx_word' id='word_1_300' title='bbox 739 3982 794 4065; x_wconf 92' lang='lat' dir='ltr'>qui</span> <span class='ocrx_word' id='word_1_301' title='bbox 818 3981 969 4043; x_wconf 88' lang='lat' dir='ltr'>Eleusine</span> <span class='ocrx_word' id='word_1_302' title='bbox 993 3990 1091 4053; x_wconf 86' lang='lat' dir='ltr'>erant,</span> <span class='ocrx_word' id='word_1_303' title='bbox 1123 3999 1239 4059; x_wconf 90' lang='lat' dir='ltr'>pacem</span> <span class='ocrx_word' id='word_1_304' title='bbox 1264 3979 1377 4041; x_wconf 86' lang='lat' dir='ltr'>secisse</span> <span class='ocrx_word' id='word_1_305' title='bbox 1407 3999 1445 4040; x_wconf 89' lang='lat' dir='ltr'>ea</span> 
     </span>
     <span class='ocr_line' id='line_1_34' title="bbox 146 4089 1443 4162; baseline -0.001 -11"><span class='ocrx_word' id='word_1_306' title='bbox 146 4107 273 4152; x_wconf 90' lang='lat' dir='ltr'>summa</span> <span class='ocrx_word' id='word_1_307' title='bbox 296 4090 495 4162; x_wconf 90' lang='lat' dir='ltr'>condicione,</span> <span class='ocrx_word' id='word_1_308' title='bbox 522 4099 556 4152; x_wconf 94' lang='lat' dir='ltr'>ut</span> <span class='ocrx_word' id='word_1_309' title='bbox 579 4091 737 4154; x_wconf 88' lang='lat' dir='ltr'>amnestia</span> <span class='ocrx_word' id='word_1_310' title='bbox 759 4093 806 4152; x_wconf 91' lang='lat' dir='ltr'>eis</span> <span class='ocrx_word' id='word_1_311' title='bbox 833 4101 865 4154; x_wconf 91' lang='lat' dir='ltr'>et</span> <span class='ocrx_word' id='word_1_312' title='bbox 888 4091 982 4154; x_wconf 92' lang='lat' dir='ltr'>simul</span> <span class='ocrx_word' id='word_1_313' title='bbox 1006 4091 1156 4153; x_wconf 89' lang='lat' dir='ltr'>omnibus</span> <span class='ocrx_word' id='word_1_314' title='bbox 1178 4089 1443 4162; x_wconf 89' lang='lat' dir='ltr'>Atheniensibus,</span> 
     </span>
     <span class='ocr_line' id='line_1_35' title="bbox 146 4199 1444 4284; baseline -0.002 -23"><span class='ocrx_word' id='word_1_315' title='bbox 146 4199 263 4284; x_wconf 90' lang='lat' dir='ltr'>quibus</span> <span class='ocrx_word' id='word_1_316' title='bbox 286 4200 342 4262; x_wconf 90' lang='lat' dir='ltr'>tali</span> <span class='ocrx_word' id='word_1_317' title='bbox 366 4199 526 4282; x_wconf 89' lang='lat' dir='ltr'>praesidio</span> <span class='ocrx_word' id='word_1_318' title='bbox 551 4220 634 4282; x_wconf 91' lang='lat' dir='ltr'>opus</span> <span class='ocrx_word' id='word_1_319' title='bbox 658 4210 751 4274; x_wconf 87' lang='lat' dir='ltr'>esset,</span> <span class='ocrx_word' id='word_1_320' title='bbox 775 4203 913 4275; x_wconf 91' lang='lat' dir='ltr'>daretur,</span> <span class='ocrx_word' id='word_1_321' title='bbox 939 4212 1066 4283; x_wconf 89' lang='lat' dir='ltr'>praeter</span> <span class='ocrx_word' id='word_1_322' title='bbox 1098 4201 1176 4262; x_wconf 90' lang='lat' dir='ltr'>alios</span> <span class='ocrx_word' id='word_1_323' title='bbox 1199 4200 1336 4281; x_wconf 91' lang='lat' dir='ltr'>impedit</span> <span class='ocrx_word' id='word_1_324' title='bbox 1351 4200 1444 4280; x_wconf 89' lang='lat' dir='ltr'>Justi·</span> 
     </span>
     <span class='ocr_line' id='line_1_36' title="bbox 145 4309 1443 4398; baseline -0.002 -26"><span class='ocrx_word' id='word_1_325' title='bbox 145 4330 215 4384; x_wconf 90' lang='lat' dir='ltr'>nus,</span> <span class='ocrx_word' id='word_1_326' title='bbox 233 4311 287 4394; x_wconf 93' lang='lat' dir='ltr'>qui</span> <span class='ocrx_word' id='word_1_327' title='bbox 303 4309 320 4371; x_wconf 94' lang='lat' dir='ltr'>l.</span> <span class='ocrx_word' id='word_1_328' title='bbox 340 4309 358 4370; x_wconf 88' lang='lat'>1.</span> <span class='ocrx_word' id='word_1_329' title='bbox 376 4311 494 4373; x_wconf 92' lang='lat' dir='ltr'>diserte</span> <span class='ocrx_word' id='word_1_330' title='bbox 510 4321 627 4386; x_wconf 90' lang='lat' dir='ltr'>narrat,</span> <span class='ocrx_word' id='word_1_331' title='bbox 645 4323 868 4398; x_wconf 90' lang='lat' dir='ltr'>postquam</span> <span class='ocrx_word' id='word_1_332' title='bbox 884 4313 1054 4374; x_wconf 90' lang='lat' dir='ltr'>Eleusiniis</span> <span class='ocrx_word' id='word_1_333' title='bbox 1067 4313 1099 4373; x_wconf 95' lang='lat' dir='ltr'>in</span> <span class='ocrx_word' id='word_1_334' title='bbox 1116 4312 1230 4373; x_wconf 88' lang='lat' dir='ltr'>urbem</span> <span class='ocrx_word' id='word_1_335' title='bbox 1248 4311 1382 4374; x_wconf 87' lang='lat' dir='ltr'>reversis</span> <span class='ocrx_word' id='word_1_336' title='bbox 1403 4309 1443 4370; x_wconf 90' lang='lat' dir='ltr'>ci·</span> 
     </span>
     <span class='ocr_line' id='line_1_37' title="bbox 146 4421 1442 4501; baseline -0.004 -19"><span class='ocrx_word' id='word_1_337' title='bbox 146 4422 229 4484; x_wconf 90' lang='lat' dir='ltr'>vitas</span> <span class='ocrx_word' id='word_1_338' title='bbox 252 4422 284 4482; x_wconf 94' lang='lat' dir='ltr'>in</span> <span class='ocrx_word' id='word_1_339' title='bbox 300 4441 399 4484; x_wconf 95' lang='lat' dir='ltr'>unum</span> <span class='ocrx_word' id='word_1_340' title='bbox 417 4441 535 4501; x_wconf 92' lang='lat' dir='ltr'>corpus</span> <span class='ocrx_word' id='word_1_341' title='bbox 552 4424 684 4485; x_wconf 90' lang='lat' dir='ltr'>redacta</span> <span class='ocrx_word' id='word_1_342' title='bbox 700 4433 794 4498; x_wconf 90' lang='lat' dir='ltr'>esset,</span> <span class='ocrx_word' id='word_1_343' title='bbox 820 4445 934 4486; x_wconf 91' lang='lat' dir='ltr'>omnes</span> <span class='ocrx_word' id='word_1_344' title='bbox 951 4423 1155 4483; x_wconf 90' lang='lat' dir='ltr'>iureiurando</span> <span class='ocrx_word' id='word_1_345' title='bbox 1173 4421 1347 4483; x_wconf 86' lang='lat' dir='ltr'>obstrictos</span> <span class='ocrx_word' id='word_1_346' title='bbox 1364 4436 1442 4480; x_wconf 90' lang='lat' dir='ltr'>esse.</span> 
     </span>
     <span class='ocr_line' id='line_1_38' title="bbox 146 4528 1439 4618; baseline -0.004 -25"><span class='ocrx_word' id='word_1_347' title='bbox 146 4532 221 4612; x_wconf 83' lang='lat' dir='ltr'>Qua</span> <span class='ocrx_word' id='word_1_348' title='bbox 252 4532 294 4597; x_wconf 92' lang='lat' dir='ltr'>de</span> <span class='ocrx_word' id='word_1_349' title='bbox 323 4553 419 4595; x_wconf 89' lang='lat' dir='ltr'>causa</span> <span class='ocrx_word' id='word_1_350' title='bbox 450 4541 572 4595; x_wconf 88' lang='lat' dir='ltr'>statuat</span> <span class='ocrx_word' id='word_1_351' title='bbox 598 4533 671 4618; x_wconf 92' lang='lat' dir='ltr'>quis</span> <span class='ocrx_word' id='word_1_352' title='bbox 701 4535 743 4596; x_wconf 84' lang='lat' dir='ltr'>ab</span> <span class='ocrx_word' id='word_1_353' title='bbox 774 4534 924 4598; x_wconf 91' lang='lat' dir='ltr'>omnibus</span> <span class='ocrx_word' id='word_1_354' title='bbox 948 4531 1204 4595; x_wconf 90' lang='lat' dir='ltr'>Atheniensibus</span> <span class='ocrx_word' id='word_1_355' title='bbox 1228 4528 1439 4592; x_wconf 91' lang='lat' dir='ltr'>reconciliatis</span> 
     </span>
    </p>
   </div>
   <div class='ocr_carea' id='block_1_5' title="bbox 0 0 1711 5172">
    <p class='ocr_par' dir='ltr' id='par_1_7' title="bbox 0 0 1711 5172">
     <span class='ocr_line' id='line_1_39' title="bbox 0 0 1711 5172; baseline 0 0"><span class='ocrx_word' id='word_1_356' title='bbox 0 0 1711 5172; x_wconf 95' lang='lat' dir='ltr'> </span> 
     </span>
    </p>
   </div>
  </div>
 </body>
</html>
