3402 5172
895 259 932 328 52

812 339 1022 350 Ι·-----ῇ---

376 455 500 524 Eadem
523 472 641 536 autem,
667 481 750 543 quae
774 463 815 524 de
836 461 900 524 h'oc
923 465 1128 528 iureiurando
1152 468 1303 546 diximus,
1327 473 1468 540 dicenda
1491 491 1580 544 sunt

270 568 312 632 de
335 573 448 632 ceteris
472 573 608 635 duobus
657 571 796 634 Senatus
819 573 1048 648 iusiurandum,
1075 587 1109 638 ut
1134 599 1152 638 e
1174 579 1279 642 torma
1297 579 1453 665 »όμννσιι
1481 593 1578 654 colli.

268 681 301 760 gi
325 690 444 760 potest,
469 683 597 762 saepius
622 683 830 762 repetebatur
852 693 885 744 et
907 703 947 744 eo
972 687 1086 764 magis
1111 689 1137 747 si
1162 689 1259 750 rebus
1291 695 1377 756 veris
1409 699 1578 784 obloque-

268 790 370 864 batur,
387 800 451 852 our
474 791 651 854 tollendum
676 802 731 854 aut
749 793 941 854 mutandum
964 805 1041 856 erat.
1089 797 1208 859 Verbis
1224 812 1335 862 autem
1364 806 1474 890 »πλὴν
1497 817 1579 873 τῶν

265 899 464 983 φυγόντωνι
493 903 654 962 neminem
679 901 850 981 significari
874 903 933 963 nisi
957 905 1178 982 trigintaviros
1201 919 1233 969 et
1258 912 1502 979 undecimviros
1528 920 1581 999 (et

266 1011 468 1074 decemviros
483 1011 687 1091 Piraeenses),
713 1031 755 1073 ex
778 1033 818 1075 eo
841 1011 949 1091 colligi
967 1024 1084 1092 potest,
1110 1019 1200 1096 quod
1223 1021 1337 1098 populi
1356 1024 1577 1092 iureiurando

266 1123 320 1184 alii
343 1122 385 1183 ab
409 1123 586 1184 amnestiae
610 1121 767 1184 beneficio
791 1142 856 1183 non
880 1123 1100 1186 excluduntur.

371 1229 498 1312 Quibus
522 1233 548 1294 si
572 1242 699 1295 constat
721 1231 802 1294 haec
826 1234 1005 1294 iuramenta
1029 1236 1088 1295 nisi
1112 1236 1154 1298 ad
1177 1242 1369 1304 amnestiam
1400 1256 1479 1322 post
1511 1267 1572 1308 ex-

264 1342 465 1428 peditionem
488 1343 685 1405 Eleusiniam
719 1343 881 1404 decretam
917 1342 1024 1404 referri
1053 1365 1118 1406 non
1152 1366 1264 1425 posse,
1297 1352 1393 1414 simul
1426 1369 1573 1436 apparet

264 1463 351 1516 recte
374 1472 427 1515 me
451 1475 546 1536 supra
567 1454 599 1535 (ξ
626 1457 675 1537 17)
699 1453 741 1515 de
764 1453 972 1532 trigintaviris
1003 1456 1188 1530 coniecisse,
1221 1479 1296 1520 narn
1326 1463 1353 1522 si
1385 1465 1417 1524 in
1449 1469 1573 1545 populi

233 1583 236 1598 ·
263 1565 466 1627 iureiurando
498 1565 690 1627 nominatim
719 1563 895 1626 afferuntur
922 1574 955 1626 et
984 1576 1114 1628 senatus
1145 1568 1253 1631 verbis
1280 1570 1388 1656 »πλὴν
1410 1583 1481 1638 τῶν
1505 1599 1571 1656 pv.

261 1673 411 1758 γόντνννι
438 1677 652 1748 continentur,
677 1684 765 1736 certe
780 1684 912 1756 oportet
929 1677 1100 1737 nonnullos
1116 1697 1228 1739 eorum
1245 1685 1435 1762 superstites
1452 1684 1566 1750 fuisse.

367 1790 388 1867 ὅ
413 1803 464 1849 20.
512 1787 573 1849 His
601 1786 642 1848 de
672 1785 892 1864 scriptoribus,
923 1788 977 1866 qui
1011 1788 1043 1848 in
1073 1797 1183 1850 nostra
1204 1794 1396 1871 quaestione
1428 1799 1570 1861 maximi

261 1897 418 1958 momenti
441 1907 524 1970 sunt,
549 1897 707 1978 expositis
730 1905 852 1957 restant
875 1896 936 1959 loci
960 1899 1152 1979 complures,
1177 1901 1298 1981 quibus
1327 1903 1471 1967 breviter
1501 1908 1569 1971 hae

261 2027 311 2068 res
343 2018 518 2080 narrantur,
551 2026 635 2087 quos
666 2026 780 2068 omnes
811 2025 852 2066 ex
884 2027 942 2068 sua
972 2009 1132 2070 sententia
1160 2007 1298 2072 Grosser
1330 2014 1569 2097 interpretatus

260 2127 318 2192 est,
343 2138 482 2200 quorum
506 2127 615 2198 tamen
638 2117 821 2192 videbimus
845 2117 968 2178 nullum
991 2137 1050 2197 pro
1075 2119 1142 2179 eius
1165 2123 1326 2183 sententia
1349 2123 1465 2200 lacere,
1492 2130 1567 2210 plu-

261 2249 311 2292 res
336 2238 447 2311 aperte
472 2229 501 2290 ei
525 2227 669 2309 obloqui.
718 2228 803 2288 lnter
818 2246 931 2288 omnes
954 2237 1073 2300 autem,
1099 2227 1205 2290 iacere
1221 2251 1286 2292 non
1310 2252 1455 2314 possum,
1482 2242 1566 2320 quin

203 2319 204 2328 λ
262 2342 386 2403 iterum·
402 2359 562 2410 moneam,
588 2358 629 2400 ne
652 2337 806 2400 Grosseri.
823 2337 954 2419 quidem
978 2339 1139 2417 sagacitas
1155 2359 1255 2403 unum
1272 2343 1403 2418 invenit,
1429 2349 1487 2427 qui
1511 2350 1566 2411 bis

260 2452 453 2513 amnestiam
477 2451 717 2532 promulgatam
739 2469 808 2510 esse
833 2449 973 2511 indicare
995 2449 1150 2523 videatur,
1174 2469 1280 2530 neque
1304 2453 1386 2515 ullus
1410 2466 1467 2530 est,
1494 2478 1564 2538 quo

259 2570 387 2624 constet
410 2561 518 2622 statim
541 2570 618 2642 post
641 2560 789 2622 exsulum
811 2560 951 2621 reditum
975 2559 1192 2629 Athenienses
1214 2581 1329 2623 omnes
1346 2563 1476 2628 iniurias
1504 2573 1563 2632 ob·

259 2671 379 2732 livione
402 2670 557 2733 delendas
580 2691 651 2732 esse
681 2671 896 2743 constituisse,
929 2680 1041 2732 contra
1073 2671 1257 2753 complures
1281 2685 1365 2746 sunt,
1402 2679 1458 2755 qui
1487 2679 1564 2742 luce

258 2781 372 2842 clarius
395 2782 569 2844 ostendant
590 2782 788 2862 aliquantum
810 2782 966 2862 temporis
989 2781 1073 2842 inter
1096 2802 1210 2863 pacem
1244 2781 1360 2845 saetam
1393 2797 1425 2848 et
1450 2809 1560 2854 amne·

258 2891 363 2954 stiam'
374 2892 538 2954 decretam
555 2892 772 2953 intermissum
798 2912 876 2965 esse,
902 2892 976 2965 duo,
993 2893 1112 2971 quibus
1129 2913 1175 2964 ea,
1201 2912 1285 2972 quae
1302 2914 1320 2955 e
1335 2896 1560 2980 Xenophonte

263 3011 295 3063 et
317 3002 437 3064 lustino
459 3001 657 3082 collegimus,
683 3003 766 3063 bene
790 2999 965 3075 firmentur,
992 3003 1045 3081 qui
1068 3002 1129 3063 loci
1153 3003 1248 3084 primi
1274 3005 1368 3066 nobis
1395 3019 1489 3071 erunt
1512 3032 1559 3072 re-

259 3113 420 3186 censendi,
445 3121 519 3174 sunt
542 3122 651 3176 autem
675 3113 833 3175 Isocrates
856 3112 916 3175 Vll
940 3114 981 3191 67
1007 3123 1039 3174 et
1061 3112 1154 3174 Plato
1176 3113 1303 3175 Menex.
1334 3132 1381 3193 14.

364 3222 513 3303 Quorum
544 3223 700 3284 Isocrates
723 3221 786 3295 ll.
813 3222 890 3284 dicit
912 3221 1028 3285 haece:
1065 3220 1112 3286 »ol
1136 3222 1169 3288 όὲ
1193 3225 1244 3305 (sc.
1271 3225 1409 3310 exsules)
1431 3232 1557 3315 κρατή-

259 3349 373 3408 σαντες
403 3334 456 3397 καὶ
480 3329 555 3416 μεθ’
585 3327 701 3396 όκλων
724 3332 895 3408 κατιόντες
926 3335 1196 3417 (exspectandum
1227 3344 1277 3396 est
1306 3323 1556 3422 κατελθόντες),

257 3439 378 3518 αὐτοὺς
401 3440 479 3518 τοὺς
501 3441 718 3520 αἰτιωτάτους
741 3450 809 3506 τῶν
839 3450 952 3508 κακῶν
980 3440 1162 3518 ἀνελόντες,
1186 3438 1275 3509 οὕτω
1298 3443 1340 3508 τὰ
1363 3446 1448 3531 πρὸς
1478 3449 1558 3526 τοὺς

256 3547 375 3630 ἄλλους
398 3557 506 3629 καλῶς
527 3556 581 3619 καὶ
609 3557 751 3638 νομίμως
774 3551 947 3638 διῴκησαν,
979 3549 1063 3618 ὥστε
1085 3555 1183 3639 μηδὲν
1211 3551 1350 3620 ἔλαττον
1372 3553 1457 3638 ἔχειν
1478 3559 1557 3636 τοὺς

257 3663 456 3746 ἐκβαλόντας
479 3673 548 3729 τῶν
568 3665 840 3731 κατελθόντωνι.
876 3665 1040 3745 Expresso
1056 3664 1118 3727 hoc
1142 3665 1215 3726 loco
1238 3666 1300 3728 tria
1324 3665 1375 3728 illa
1400 3666 1484 3731 lacta
1508 3691 1553 3732 se·

258 3786 439 3850 cernuntur,
466 3795 550 3857 quae
573 3777 769 3838 secernenda
798 3796 868 3838 esse
897 3796 995 3858 supra
1018 3776 1318 3849 demonstravimus,
1348 3777 1469 3840 reditus
1502 3801 1555 3842 ex-

259 3887 373 3961 sulum,
400 3888 518 3950 bellum
543 3887 753 3968 Eleusinium,
787 3887 952 3953 amnestia.
1001 3887 1110 3948 Etiam
1133 3886 1291 3949 hocloco
1315 3886 1465 3950 videmus
1488 3890 1556 3952 bel-

257 3996 324 4061 lum
347 3998 546 4061 Eleusinium
578 3997 704 4060 finitum
738 3997 789 4060 vel
819 3999 928 4080 potius
952 3997 1188 4061 Eleusiniorum
1220 3997 1318 4058 duces
1342 3999 1555 4084 interemptos

258 4127 337 4182 esse,
361 4110 547 4191 priusquam
572 4111 731 4171 amnestia
754 4110 883 4170 decreta
914 4109 1094 4190 respublica
1123 4109 1208 4170 bene
1238 4107 1345 4169 denuo
1378 4109 1551 4172 instituere-

259 4227 318 4280 tur.
367 4217 501 4299 Optime
536 4217 634 4300 igitur
667 4219 720 4280 hic
755 4220 844 4280 locus
878 4219 1073 4280 sententiam
1109 4238 1214 4280 meam
1239 4222 1443 4301 comprobat,
1482 4245 1555 4288 cum

258 4327 415 4392 Grossero
439 4331 499 4412 ipsi
523 4351 554 4413 p.
582 4344 620 4410 35
656 4331 899 4393 concedendum
932 4330 973 4390 sit
1003 4349 1077 4390 cum
1110 4349 1168 4390 sua
1198 4333 1359 4393 sententia
1388 4355 1463 4396 eum
1495 4336 1556 4397 nisi

264 4459 364 4520 »ganz
388 4441 559 4521 allgernein
584 4440 780 4520 ausget'asst‹
807 4462 872 4503 non
895 4459 1082 4518 congruere.

1349 4575 1363 4623 3
