3402 5172
902 334 942 404 41

200 625 205 632 Ι
272 535 463 602 habuissent
492 536 670 612 amnestiae
695 539 901 620 praesidium,
928 542 1016 622 quod
1047 540 1134 604 idem
1164 538 1250 604 cadit
1280 537 1311 602 in
1339 536 1570 604 Thebanorum

271 650 452 712 orationem
477 651 541 711 iam
562 649 737 712 laudatam.
785 649 833 712 At
854 653 1029 732 quominus
1051 651 1223 733 quisquam
1241 650 1318 712 mihi
1343 649 1475 714 obiiciat
1490 651 1570 714 falso

271 761 404 842 quidem
422 757 633 823 ·Grosserum
667 761 860 851 amnestiam
896 762 986 843 pacis
1012 761 1133 830 habere
1165 761 1401 833 condicionem,
1431 761 1490 824 sed
1514 762 1570 823 ¹bis

269 870 720 951 amnestiampromulgatam
737 891 808 933 esse
823 881 933 933 tamen
950 891 1021 934 esse
1037 871 1254 945 statuendum,
1273 891 1330 933 sua
1347 872 1432 933 enim
1453 881 1571 952 sponte

271 980 490 1043 Athenienses
522 983 629 1048 statim
663 993 740 1063 post
770 982 1066 1045 reconciliationem
1104 1002 1217 1044 omnes
1246 981 1374 1045 iniurias
1408 980 1571 1043 oblivione

272 1102 440 1154 conterere
474 1093 688 1165 constituisse,
724 1093 881 1173 impedire
915 1091 1120 1156 manifestum
1155 1102 1203 1154 est
1237 1093 1336 1154 verba
1374 1085 1484 1176 »ὅρκοι
1504 1091 1571 1159 ,καὶ

272 1205 512 1288 συνθῆκακ.

376 1335 425 1396 Ea
449 1344 577 1406 autem,
606 1353 689 1415 quae
721 1333 763 1395 de
793 1333 854 1396 hac
878 1335 966 1416 pacis
990 1333 1180 1396 condicione
1205 1334 1421 1407 disseruimus,
1445 1341 1570 1396 tantum

268 1443 378 1514 abest,
413 1454 447 1505 ut
479 1443 656 1506 refutentur
686 1465 726 1506 eo
756 1444 849 1517 locO,
883 1463 980 1525 quem
1012 1465 1030 1506 e
1062 1445 1210 1507 Diodoro
1239 1445 1270 1506 in
1300 1448 1320 1524 ξ
1356 1460 1372 1522 3
1404 1423 1508 1516 attuli,
1535 1453 1570 1506 ut

269 1554 393 1635 optime
415 1554 597 1627 firmentur,
631 1574 706 1616 nam
731 1555 867 1616 verbum
897 1553 1079 1639 συγχωρεῖν
1102 1557 1208 1638 etiam¹
1232 1575 1304 1617 mea
1335 1555 1496 1617 sententia
1519 1574 1568 1615 ac·

270 1674 363 1746 cepta
396 1685 459 1727 non
495 1664 639 1747 postulat
671 1666 866 1728 sententiam
899 1666 1047 1739 iubendi,
1078 1666 1136 1728 sed
1160 1639 1224 1739 est,
1258 1675 1292 1727 ut
1320 1663 1459 1728 Grosser
1481 1674 1569 1727 recte

270 1796 300 1856 p.
324 1792 357 1837 11
386 1775 472 1848 dicit,
499 1776 688 1849 concedere,
714 1776 909 1858 permittere.
954 1774 1050 1837 Cives
1074 1776 1234 1856 quosdam
1257 1775 1408 1838 Eleusina
1431 1775 1569 1856 migrare

268 1885 371 1948 iussos
395 1906 466 1948 esse
491 1906 597 1967 neque
613 1885 799 1969 Xenophon
820 1887 921 1948 verbo
949 1882 1093 1969 »diogen«
1121 1885 1205 1948 dicit.
1244 1885 1421 1966 Quomodo
1437 1887 1568 1949 tandem

267 1995 334 2057 fieri
358 1997 472 2078 potuit,
497 2006 541 2070 ut,
567 1997 593 2057 si
611 1999 682 2077 quis
700 2007 867 2070 metueret,
891 1997 1043 2060 Eleusina
1060 1997 1199 2078 migrare
1224 1995 1467 2070 iuberetur,
1493 2016 1573 2064 curn,

270 2106 326 2168 nisi
356 2106 469 2188 singuli
499 2107 648 2168 homines
677 2107 736 2189 ipsi
769 2127 865 2169 nemo
899 2108 981 2168 scire
1012 2118 1139 2188 posset,
1176 2108 1248 2191 quis
1279 2127 1361 2186 pace
1392 2106 1570 2169 confideret

267 2217 403 2298 quisque
425 2215 607 2279 diffideret?
643 2217 755 2298 Itaque
772 2238 832 2280 suo
850 2238 1017 2299 quemque
1041 2218 1160 2280 iudicio
1184 2226 1240 2279 aut
1263 2217 1413 2279 Eleusina
1437 2237 1471 2278 se
1496 2237 1569 2279 con·

265 2325 346 2389 ferre
370 2337 426 2390 aut
450 2328 480 2390 in
506 2329 585 2391 urbe
609 2348 778 2391 remanere
814 2329 969 2410 oportuit.
1016 2329 1076 2390 Est
1104 2339 1214 2390 autem
1238 2327 1483 2391 condicionibus
1506 2338 1567 2389 sta·

265 2446 387 2510 tutum,
420 2458 459 2501 ne
492 2439 533 2500 ad
564 2439 784 2519 trigintaviros
813 2439 972 2518 emigrare
1004 2449 1036 2500 et
1069 2459 1182 2502 eorum
1214 2448 1341 2521 partem
1369 2439 1492 2501 civibus
1521 2459 1566 2500 re-

266 2548 439 2611 conciliatis
464 2548 613 2614 infestam
631 2569 751 2630 augere
769 2548 1006 2631 prohiberetur.
1047 2550 1158 2631 Atque
1175 2548 1256 2611 haec
1272 2551 1388 2611 eadem
1402 2549 1568 2611 Diodorus

268 2669 374 2720 narrat
398 2659 505 2722 verbis
528 2659 677 2725 laudatis,

370 2810 418 2872 Ea
442 2821 550 2874 autem
574 2811 691 2888 verba,
725 2831 808 2891 quae
834 2808 1012 2874 Grossere
1049 2811 1148 2892 Lysia
1180 2809 1274 2872 XXV
1297 2827 1318 2890 9
1341 2808 1449 2875 affert:
1489 2807 1567 2872 »cini

263 2918 297 2984 δὲ
321 2915 438 2996 οἵτινες
461 2928 530 2986 τῶν
553 2915 750 2986 Ἐλευσῖνάδε
776 2918 1086 3006 ἀπογραψαμένων(
1113 2931 1185 2995 etc,
1212 2940 1316 3000 neque
1340 2941 1400 3002 pro
1423 2921 1490 2982 eius
1514 2940 1564 2983 ne-

263 3051 327 3113 que
345 3052 403 3114 pro
420 3052 493 3093 mea
510 3029 632 3093 faciunt
647 3033 820 3104 sententia,
846 3033 1016 3114 quomodo
1033 3031 1253 3112 intellegenda
1269 3032 1340 3104 siut,
1366 3031 1446 3093 infra
1463 3031 1494 3112 (ᾗ
1512 3034 1565 3114 28)

263 3125 440 3202 videndum
465 3141 533 3202 erit.
573 3141 646 3204 Non
672 3162 750 3203 vero
775 3143 883 3222 magis
905 3162 1005 3224 quam
1029 3142 1195 3204 Diodorus
1218 3141 1330 3224 Nepos
1352 3140 1370 3202 l.
1396 3141 1413 3202 l.
1439 3141 1563 3206 verbis:

267 3271 326 3314 »ne
350 3252 403 3333 qui
504 3251 711 3314 afficerentur
740 3251 855 3315 exilim
881 3251 956 3314 huic
980 3271 1072 3313 meae
1095 3251 1302 3335 explicationi
1327 3252 1463 3323 obsistit,
1489 3271 1563 3312 nam

264 3371 390 3440 praeter
414 3361 562 3424 homines
587 3363 708 3424 diserte
731 3372 903 3444 exemptos
937 3363 1096 3443 emigrare
1126 3371 1304 3424 coaetus
1338 3370 1417 3434 est,
1453 3372 1487 3424 ut
1511 3381 1563 3423 ex·

266 3472 444 3551 posuimus
470 3493 577 3544 nemo.
1352 3453 1354 3465 ³

373 3620 482 3700 Quam
508 3623 641 3684 obrem
666 3643 731 3684 non
756 3633 844 3685 reete
866 3623 1006 3685 Iustinus
1030 3623 1048 3685 l.
1074 3622 1093 3689 l.
1118 3622 1212 3688 dicit:
1252 3622 1385 3685 »decem
1409 3632 1562 3702 tyrannos

268 3747 310 3792 ex
335 3732 413 3794 urbe
437 3725 590 3794 Eleusina
619 3733 756 3813 migrare
776 3735 826 3794 -ad
851 3743 976 3795 ceteros
1005 3733 1154 3805 iubet‹,
1180 3734 1222 3794 de
1245 3751 1311 3814 quo
1336 3751 1443 3793 errore
1464 3751 1562 3812 supra

262 3841 294 3924 (ᾗ
318 3844 354 3923 4)
387 3843 604 3908 disseruimus.
652 3843 712 3905 Est
743 3855 852 3906 autem
886 3853 1035 3926 apertum
1064 3844 1152 3906 hunc
1182 3843 1293 3905 lustini
1323 3842 1430 3905 locum
1462 3841 1563 3903 multo

264 3951 371 4013 minus
393 3973 466 4014 cum
484 3951 632 4016 Grosseri
654 3953 814 4016 sententia
836 3956 1009 4016 convenire
1032 3974 1131 4036 quam
1159 3973 1233 4015 cum
1256 3973 1339 4026 mea,
1364 3971 1469 4034 neque
1493 3953 1561 4013 eius

261 4063 426 4124 sententia
461 4064 599 4146 probata
634 4065 781 4138 inveniri,
816 4067 983 4146 quomodo
1007 4065 1146 4127 Iustinus
1179 4065 1210 4126 in
1234 4063 1319 4126 hunc
1348 4083 1489 4126 errorem
1519 4063 1562 4124 in-

261 4172 377 4234 ductus
399 4174 450 4238 sit.
494 4174 585 4238 ,Nam
610 4195 693 4255 quae
718 4196 750 4257 p.
773 4193 809 4238 12
835 4177 964 4238 coniicit
986 4176 1124 4238 fortasse
1140 4175 1294 4236 lustinum
1313 4175 1400 4254 apud
1415 4171 1562 4254 Trogum

271 4283 405 4363 legisse:
444 4285 575 4347 »decem
608 4294 763 4366 tyrannos
794 4307 835 4348 ex
863 4288 943 4350 urbe
976 4289 1121 4368 migrare·
1135 4285 1239 4356 iubet,
1270 4284 1325 4364 qui
1347 4283 1499 4345 Eleusina
1520 4283 1562 4344 ad

262 4403 388 4455 ceteros
419 4413 454 4454 se
486 4393 696 4468 conferunt‹,
730 4406 763 4458 et
793 4397 838 4459 sic
870 4399 1079 4480 corripuisse,
1111 4397 1211 4458 verba
1240 4403 1315 4456 sunt
1346 4394 1459 4466 inania,
1485 4394 1561 4475 quia

271 4502 401 4565 iubendi
426 4505 585 4566 sententia
608 4505 688 4568 salso
710 4505 796 4568 illata
818 4508 914 4569 etiarn
938 4517 1005 4570 tum
1031 4509 1134 4570 deleta
1159 4526 1224 4569 non
1246 4514 1304 4568 est.
