3402 5172
18 4397 51 4518 l

765 249 974 332 *7⁴*

224 443 371 525 Dionysii
386 445 585 527 praefatione
602 447 643 508 ad
659 446 736 528 Lys.
752 445 901 516 XXXIV,
924 455 959 510 et
979 456 1079 520 certe,
1101 447 1229 512 etiamsi
1252 467 1431 531 numquam
1460 449 1518 510 do

181 585 186 598 ·
223 555 430 620 minationem
460 559 574 621 iterum
609 577 800 639 recuperare
829 567 942 638 aperte
970 559 1078 620 conati
1106 569 1193 632 sunt,
1225 581 1294 642 qua
1336 563 1380 622 de
1415 581 1517 622 causa

221 668 395 749 scriptores
418 669 495 732 nihil
517 671 559 732 de
582 669 629 731 eis
651 669 793 740 tradunt,
817 679 1029 750 speraverunt
1060 669 1140 742 lore,
1172 681 1209 732 ut
1238 671 1402 732 discordia
1431 673 1516 734 inter

221 779 338 842 civium
360 791 469 864 partes
492 781 573 844 duas
596 781 818 843 reconciliatas
838 789 911 840 orta
925 779 1040 841 civitas
1064 779 1181 844 iterum
1210 781 1408 846 turbaretur.
1453 781 1515 844 lta-

221 911 284 971 que
307 894 348 956 de
371 894 418 954 eis
441 893 622 955 rectissime
644 892 754 954 omnia
776 901 886 953 orator
906 891 1014 952 dicere
1031 891 1148 972 potuit,
1165 910 1250 972 quae
1273 891 1363 962 dicit,
1385 901 1420 954 et
1433 902 1525 964 erat.

220 1003 309 1083 quod
340 1023 455 1066 eorum
487 1004 584 1076 cives,
621 1004 676 1085 qui
710 1003 853 1064 iudicum
888 1021 1022 1062 munere
1051 1001 1278 1082 iungebantur,
1310 1003 1516 1064 admoueret

220 1111 292 1175 Hac
321 1115 436 1176 eadem
463 1115 625 1176 sententia
652 1117 673 1194 ξ
703 1130 721 1192 3
753 1113 848 1176 dicit:
885 1104 992 1176 »οὕτω
1020 1108 1084 1194 γὰρ
1116 1105 1158 1173 ἂν
1189 1123 1258 1185 τοῖς
1294 1111 1518 1195 καθεστηκόσι

219 1221 384 1306 πράγμασι
407 1226 579 1299 πλείστους
601 1223 787 1306 συμμάχους
809 1220 942 1304 {laren

326 1334 502 1418 Postquam
536 1336 582 1398 sic
617 1334 912 1397 demonstravimus
945 1354 989 1396 ex
1020 1333 1072 1394 his
1103 1332 1192 1406 locis,
1227 1334 1346 1415 quibus
1377 1331 1517 1398 Grosser

220 1444 377 1524 imprimis
401 1447 489 1509 nisus
511 1457 571 1518 est,
596 1463 802 1525 nequaquam
818 1444 944 1506 elucere
959 1445 1044 1506 hanc
1059 1444 1241 1506 orationem
1263 1445 1410 1508 habitam
1431 1465 1514 1516 esse,

220 1562 395 1636 antequam
427 1555 556 1618 Eleusis
585 1563 837 1636 recuperaretur,
871 1563 979 1626 restat,
1011 1563 1046 1615 ut
1074 1555 1196 1635 reliqua
1224 1555 1294 1616 eius
1324 1563 1517 1635 argumenta

221 1664 347 1728 minora
373 1665 564 1730 refellamus.
618 1663 725 1726 Affert
746 1684 808 1745 pro
836 1684 896 1726 sua
925 1665 1085 1726 sententia
1114 1664 1358 1746 paragraphum
1390 1679 1417 1742 5,
1447 1684 1516 1745 quo

219 1773 294 1837 loco
316 1797 361 1840 eo
383 1777 490 1838 minus
511 1776 569 1838 niti
598 1775 628 1837 ei
658 1774 742 1846 licet,
774 1775 849 1854 quia
879 1773 961 1836 haec
990 1776 1152 1837 sententia
1180 1785 1238 1836 aut
1268 1795 1334 1837 non
1364 1793 1441 1836 sana
1464 1786 1516 1836 est

220 1895 276 1948 aut
299 1887 414 1950 saltem
436 1887 520 1949 inter
541 1884 833 1964 inelegantissimas
856 1884 1065 1959 numeranda,
1089 1905 1175 1967 quae
1197 1905 1351 1967 umquam
1373 1906 1394 1948 a
1416 1885 1517 1965 Lysia

221 1995 387 2077 proiectae
409 2005 494 2068 sunt,
519 2015 594 2058 nam
618 1994 800 2056 sententiae
823 1993 1054 2056 condicionalis
1069 2006 1146 2076 post
1169 1997 1306 2076 primam
1329 1995 1516 2077 apodoseos

220 2115 348 2186 partem
370 2116 543 2188 tantopere
565 2104 774 2178 obliviscitur,
800 2116 835 2167 ut
867 2102 975 2188 »εἴπερ
997 2103 1156 2170 ἐδύναντο
1184 2102 1214 2169 οἱ
1244 2105 1421 2188 κατήγοροι
1451 2104 1509 2194 inq

219 2234 257 2294 με
288 2209 465 2277 άόικοῦιηο
495 2210 664 2296 ἐξελέγξαι,
690 2211 751 2278 oisc
780 2210 823 2278 riv
845 2213 888 2279 τὰ
910 2221 979 2279 τῶν
1001 2213 1180 2298 τριάκοντα
1202 2211 1417 2299 ἁμαρτήματα
1437 2213 1518 2298 ἐμοῦ

219 2321 434 2406 κατηγόρου),
451 2317 519 2386 οὐδ’
541 2313 582 2386 ἂν
597 2316 705 2408 ῳόοτο
725 2328 840 2410 χρῆναι
866 2320 947 2408 ὑπὲρ
967 2332 1037 2390 τῶν
1050 2323 1185 2401 ἐκείνοις
1199 2326 1439 2410 πεπραγμένων
1452 2321 1518 2390 ἑτέ-

220 2455 299 2517 ρους
321 2431 516 2512 όιαβιὶλὶυιν,
539 2429 613 2498 ἀλλ’
634 2432 755 2509 αὐτοὺς
782 2435 860 2508 τούς
894 2433 1089 2511 ἀδικοῦντας
1117 2441 1350 2520 τιμωρείσθω(
1383 2437 1426 2500 sit
1446 2456 1516 2500 sen-

193 2546 321 2608 ¹tentia
343 2545 544 2628 ineptissima
566 2556 600 2609 et
623 2546 720 2627 Lysia
743 2547 798 2607 vix
819 2548 925 2630 digna.
971 2545 1109 2628 Collegit
1131 2558 1241 2610 autem
1272 2568 1316 2609 ex
1345 2547 1395 2608 his
1419 2544 1516 2609 Gros

220 2677 273 2719 ser
293 2657 400 2720 verbis
434 2652 573 2730 »αὐτοὺς
607 2655 686 2731 τούς
728 2652 941 2730 ἀόικοῦοτοςι
975 2658 1132 2740 imprimis
1173 2659 1392 2740 trigintaviros
1421 2658 1517 2740 signi-

220 2767 307 2831 ficari
332 2788 452 2852 eosque
482 2769 616 2832 verbum
656 2770 904 2851 ιτιμιορεῑσθαιι
938 2769 1056 2830 docere
1086 2769 1231 2832 nondum
1266 2770 1397 2851 punitos
1432 2789 1514 2842 esse,

221 2881 309 2962 quod
325 2879 476 2943 Eleusine
492 2889 589 2962 capta
604 2878 726 2942 factum
749 2898 829 2941 esse.
867 2877 943 2952 Sed,
961 2897 1160 2960 quamquam
1177 2892 1273 2944 antea
1293 2879 1324 2946 oi
1338 2878 1519 2963 τριάκοντα

220 2999 376 3055 vocantur
396 2999 429 3054 et
452 2990 554 3054 verbo
581 2988 751 3064 »ἐκείνοιςι
777 2999 1008 3064 monstrantur,
1031 3001 1142 3054 tamen
1166 2990 1247 3054 haec
1270 2991 1369 3054 verba
1393 2993 1435 3054 ad
1459 3011 1518 3054 eos

221 3101 328 3165 referri
351 3121 415 3164 non
439 3109 586 3184 possunt,
609 3119 684 3164 nam
718 3122 737 3162 e
766 3111 920 3164 contextu
949 3103 1182 3165 sententiarum
1213 3112 1351 3185 apparet
1380 3101 1517 3164 verbum

224 3214 488 3296 ‚repentinam
520 3211 601 3274 sicut
632 3212 663 3274 in
695 3214 715 3293 ξ
741 3226 798 3292 35:
826 3209 922 3286 »τοὺς
944 3211 1042 3296 μηδὲν
1065 3211 1189 3287 αἰτίους
1212 3210 1246 3296 ἐξ
1268 3211 1340 3277 iuno
1362 3225 1431 3287 τοῖς
1452 3208 1517 3276 ἄδι·

220 3333 313 3391 κοῦσι
336 3320 603 3406 τιμωρούμενοι,
628 3323 750 3385 dictum
774 3343 844 3385 esse
872 3324 913 3385 de
944 3322 1060 3385 eadem
1083 3344 1199 3405 poena,
1224 3343 1288 3404 qua
1311 3333 1518 3386 accusatores

221 3455 311 3501 reum
344 3443 491 3496 nostrum
523 3442 556 3496 et
589 3433 654 3496 iam
686 3431 829 3496 afficiunt
856 3443 889 3497 et
920 3433 1046 3496 allicere
1082 3434 1205 3508 volunt,
1241 3435 1282 3496 de
1311 3433 1518 3496 accusatione

221 3556 255 3610 et
277 3541 495 3606 damnatione,
542 3541 697 3606 Accusari
714 3553 822 3606 autem
839 3564 944 3626 neque
968 3550 1119 3627 poterant
1134 3542 1334 3623 trigintaviri,
1360 3541 1515 3623 quamdiu

221 3655 369 3721 Eleusine
393 3661 494 3728 erant,
519 3671 632 3734 neque,
657 3663 831 3736 postquam
848 3655 921 3716 inde
937 3654 1099 3736 fugerunt.
1140 3652 1248 3735 Quam
1272 3653 1316 3715 ob
1340 3671 1408 3716 rem
1434 3651 1516 3714 haec

221 3767 320 3832 verba
343 3761 511 3827 reserenda
533 3772 607 3826 sunt
630 3765 672 3826 ad
696 3767 870 3846 optimates
894 3775 1058 3840 nocentes,
1085 3766 1139 3847 qui
1162 3774 1233 3827 tum
1257 3763 1395 3826 Athenis
1413 3770 1517 3828 erant.

220 3879 333 3946 Fuisse
356 3881 464 3936 autem
487 3883 556 3936 tum
581 3871 719 3938 Athenis
735 3877 920 3958 optimates
945 3878 1000 3960 qui
1027 3877 1163 3942 oratoris
1187 3873 1460 3961 sententiassb'recte
1483 3873 1516 3938 in

223 3988 373 4057 iudicium
397 3983 505 4048 vocari
529 3995 671 4066 possent,
694 3987 771 4050 satis
795 3989 937 4051 ostendit
960 3991 980 4069 ἓ
1006 4003 1022 4066 3
1030 4001 1056 4067 5,
1081 4007 1145 4069 qua
1169 3986 1284 4049 eadem
1307 3983 1515 4068 paragrapho

222 4105 375 4170 docemm
398 4093 483 4160 hunc
506 4095 665 4160 urbanum
681 4117 745 4158 non
762 4098 959 4160 dubitavisse
975 4107 1109 4171 ceteros,
1130 4098 1183 4178 qui
1204 4096 1350 4158 eiusdem
1368 4094 1514 4158 factionis

223 4217 355 4283 inerant,
380 4205 529 4270 deserere
553 4215 585 4269 et
608 4205 754 4286 prodere,
779 4209 958 4272 dummodo
974 4209 1043 4290 ipse
1066 4216 1255 4271 servaretur.
1307 4205 1422 4288 Neque
1440 4223 1512 4285 neg-

230 4323 394 4414 gmdum
419 4315 495 4380 mihi
518 4316 644 4380 videtur
667 4317 806 4381 Athenis
829 4320 906 4402 ipsis
930 4320 1013 4382 duos
1037 4341 1054 4382 e
1077 4317 1289 4400 trigintaviris
1311 4325 1382 4378 tum
1405 4315 1511 4388 luisse,

232 4433 469 4512 §mahenem
494 4436 526 4492 et
549 4428 735 4494 Phidonem.
784 4428 843 4493 Cui
866 4430 1048 4494 sententiae
1072 4451 1137 4494 non
1155 4427 1380 4508 obloquuntur
1403 4426 1510 4497 verba.
