3402 5172
832 315 869 373 ¹4

734 386 941 396 ....-.-.------

192 525 225 579 et
248 533 429 598 paucorum
459 513 607 595 potentia
639 511 782 574 liberatis
816 518 933 581 narret,
967 507 1047 571 salso
1084 507 1161 568 loco
1194 503 1350 587 posuisse,
1383 500 1497 584 posuit

194 625 280 688 enim
303 624 385 686 inter
408 643 459 686 res
482 643 567 684 anuo
598 639 660 698 401
695 631 814 703 gestas,
849 639 923 681 cum
954 601 1006 681 ex¹
1026 617 1177 680 omnibus
1207 613 1324 676 ceteris
1354 610 1498 675 fontibus

196 743 325 796 constet
357 753 442 795 anno
476 747 540 810 403
580 731 660 794 haec
697 731 806 794 omnia
846 729 931 792 lacta
966 739 1171 809 essequam
1200 727 1244 788 ob
1272 744 1341 787 rem
1371 741 1496 784 narran-

199 844 242 906 da
265 852 355 905 erant
379 842 504 904 circiter
526 842 639 922 viginti
662 840 822 923 capitibus
847 849 922 901 ante
953 839 1037 900 hunc
1067 838 1184 920 locum.
1232 835 1297 916 Qui
1320 854 1409 896 error
1432 832 1499 894 sine

200 953 300 1016 dubio
324 961 373 1014 est
405 951 544 1014 Diodori
569 952 678 1034 ipsius,
704 951 757 1034 qui
781 971 830 1023 e0,
856 951 944 1033 quod
968 970 1010 1012 ex
1026 949 1088 1011 alio
1111 948 1202 1009 fonte
1224 945 1301 1007 alias
1324 965 1374 1006 res
1397 943 1497 1004 immi·
1535 1031 1539 1040 ὁ

200 1063 291 1136 scuit,
315 1063 357 1124 ad
375 1061 472 1124 sontis
496 1061 545 1123 sui
567 1062 714 1124 ordinem
738 1060 983 1143 relinquendum
1007 1060 1183 1140 perductus
1214 1056 1295 1118 hae'c
1319 1053 1403 1116 lacta
1424 1053 1500 1114 omi-

196 1182 282 1235 serat
297 1182 330 1235 et
345 1192 418 1234 sero
435 1171 570 1247 addidit,
584 1171 622 1237 ci.
635 1192 681 1244 ea,
696 1191 782 1253 quae
795 1169 931 1252 exponit
944 1168 1171 1251 Volquardsen
1188 1164 1500 1244 ‚Untersuchungen

197 1283 276 1345 tiber
297 1282 425 1346 Diodor
446 1281 642 1355 Xl—XVl,‹
671 1301 748 1363 pag.
773 1298 825 1358 44.

301 1392 346 1455 Ut
369 1393 411 1456 ad
435 1392 659 1472 quaestionem
684 1398 827 1452 nostram
853 1390 1031 1462 redeamus,
1069 1388 1211 1450 maxime
1241 1386 1419 1448 dolendum
1453 1393 1502 1446 est

196 1501 391 1575 Diodorum,
414 1502 536 1583 quippe
566 1521 663 1582 quem
687 1521 729 1561 ex
745 1500 845 1562 altero
862 1519 974 1561 eorum
991 1498 1193 1578 scriptorum,
1218 1498 1271 1578 qui
1289 1494 1499 1577 Xenophonti

198 1612 258 1695 ipsi
283 1612 338 1672 vix
354 1611 573 1692 posthabendi
590 1609 735 1672 eiusdem
751 1609 907 1690 temporis
931 1609 1099 1670 historiam
1116 1617 1329 1680 narraverant,
1356 1605 1501 1668 hausisse

198 1729 334 1794 constet,
360 1740 425 1782 non
453 1720 599 1803 pluribus
622 1719 730 1782 verbis
750 1720 809 1780 has
832 1739 882 1780 res
913 1739 1058 1791 narrare,
1093 1739 1213 1798 pauca,
1244 1739 1329 1799 quae
1359 1726 1499 1789 exstant,

197 1832 350 1908 cumeis,
374 1851 458 1913 quae
480 1829 734 1914 Xenophontem
757 1829 798 1891 de
822 1849 902 1910 pace
925 1829 1108 1911 composita
1139 1829 1245 1891 dicere
1268 1829 1332 1890 iam
1353 1828 1501 1900 vidimus

197 1943 403 2005 conveniunt.

305 2055 377 2133 §4
425 2051 509 2113 Cum
531 2051 705 2124 Diodorus,
731 2051 785 2131 qui
808 2049 961 2136 pleraque
984 2051 1117 2130 copiose
1140 2059 1173 2112 et
1202 2048 1406 2112 abundanter
1436 2066 1502 2109 nar·

198 2170 257 2237 ret,
281 2162 354 2224 loco
378 2161 472 2223 nobis
495 2149 665 2224 tractando
689 2160 730 2222 sit
753 2160 971 2233 brevissimus,
1005 2157 1070 2221 fors
1101 2159 1180 2232 tulit,
1214 2169 1249 2221 ut
1284 2159 1500 2233 lustinus,

200 2271 254 2356 qui
279 2272 431 2354 pleraque
455 2271 643 2333 brevissime
659 2271 787 2343 indicet,
813 2270 853 2331 de
877 2269 927 2330 his
943 2270 1041 2331 rebus
1065 2269 1166 2331 multo
1190 2271 1231 2331 sit
1255 2269 1382 2350 longior
1405 2289 1504 2353 quam

199 2381 259 2447 ille.
305 2381 391 2443 Nam
407 2401 471 2442 non
489 2381 591 2442 multo
611 2382 740 2443 brevius
763 2400 861 2465 quam
877 2379 1062 2461 Xenophon
1081 2381 1224 2461 exponit,
1250 2381 1420 2464 quomodo
1437 2400 1504 2463 pax

200 2492 285 2553 facta
309 2491 351 2551 sit
373 2498 406 2551 et
437 2489 596 2552 amnestia
626 2492 766 2564 decreta,
792 2498 824 2560 et
846 2489 899 2562 ita,
914 2498 961 2550 ut
984 2491 1095 2570 paucis
1120 2491 1281 2553 erroribus
1306 2510 1370 2552 non
1402 2489 1504 2571 gravi·

201 2601 262 2663 bus
289 2599 443 2680 neglectis
473 2601 567 2681 plane
597 2620 670 2661 cum
701 2622 740 2662 eo
773 2599 954 2662 conveniat.
1004 2601 1090 2661 Dicit
1122 2610 1231 2662 autem
1259 2599 1311 2665 lib.
1343 2599 1381 2661 V.
1408 2621 1434 2661 c.
1465 2616 1503 2660 10

201 2710 298 2775 haec:
322 2709 514 2771 »Pausanias
531 2730 588 2771 rex
606 2711 751 2782 mittitur,
770 2711 823 2792 qui
840 2710 1061 2772 misericordia
1078 2710 1197 2772 exsulis
1209 2709 1322 2791 populi
1336 2719 1504 2792 permotus

204 2821 341 2905 patriam
374 2820 498 2882 miseris
520 2820 643 2882 civibus
672 2821 810 2882 restituit
831 2830 864 2881 et
886 2820 999 2881 decem
1016 2829 1173 2900 tyrannos
1198 2839 1240 2880 ex
1256 2818 1335 2880 urbe
1352 2818 1504 2880 Eleusina

203 2931 342 3011 migrare
372 2930 414 2991 ad
449 2937 576 2991 ceteros
607 2929 705 2990 iubet.
761 2929 888 3009 Quibus
923 2930 1020 2991 rebus
1051 2950 1125 2991 cum
1162 2951 1228 3012 pax
1258 2937 1379 2991 statuta
1408 2936 1502 3000 esset,

202 3040 377 3102 interiectis
399 3039 513 3101 diebus
538 3048 670 3122 repente
693 3039 820 3120 tyranni
846 3060 910 3101 non
934 3040 1038 3101 minus
1063 3041 1229 3102 restitutos
1253 3037 1381 3100 exsules
1405 3057 1503 3122 quam
1532 3111 1534 3115 Ι

203 3169 238 3212 se
260 3150 292 3210 in
314 3148 463 3211 exsilium
487 3158 579 3210 actos
602 3149 817 3229 indignantes,
843 3149 1028 3232 quasivero
1044 3149 1178 3210 aliorum
1202 3148 1332 3211 libertas
1356 3168 1415 3209 sua
1442 3168 1503 3210 ser-

203 3259 287 3320 vitus
311 3267 406 3331 esset,
430 3258 550 3321 bellum
573 3257 829 3321 Atheniensibus
852 3259 1006 3333 inierunt,
1031 3260 1088 3320 sed
1113 3261 1153 3320 ad
1186 3259 1384 3343 colloquium
1406 3259 1505 3322 veluti

203 3368 458 3432 dominationem
481 3368 638 3451 recepturi
662 3369 825 3450 progressi
850 3389 906 3451 per
930 3367 1061 3431 insidias
1089 3369 1315 3454 comprehensi
1347 3380 1382 3431 ut
1413 3370 1504 3453 pacis

202 3477 353 3540 victimae
375 3477 584 3542 trucidantur.
630 3476 780 3560 Populus,
805 3499 903 3561 quem
934 3479 1092 3560 emigrare
1123 3479 1294 3554 iusserant,
1327 3482 1358 3542 in
1390 3480 1504 3542 urbem

203 3596 384 3652 revocatur.
430 3587 542 3669 Atque
565 3587 609 3648 ita
633 3607 689 3669 per
721 3587 821 3650 multa
841 3589 987 3651 membra
1016 3589 1128 3651 civitas
1158 3589 1312 3673 dissipata
1343 3591 1375 3651 in
1406 3610 1505 3650 unum

203 3698 335 3759 tandem
358 3717 476 3779 corpus
499 3695 660 3776 redigitur,
686 3706 719 3759 et
742 3717 782 3758 ne
806 3718 871 3782 qua
898 3699 1055 3761 dissensio
1086 3721 1128 3762 ex
1151 3709 1226 3762 ante
1250 3700 1331 3762 actis
1354 3719 1499 3760 nascere-

203 3815 264 3880 tur,
288 3826 402 3868 omnes
425 3805 631 3867 iureiurando
653 3806 899 3888 obstringuntur
922 3809 1155 3871 discordiarum
1180 3809 1377 3871 oblivionem
1401 3807 1499 3870 lore«

309 3916 423 3995 ltaque
439 3915 577 3976 lustinus
594 3935 724 3996 quoque
741 3927 848 3979 narrat
862 3918 1054 3980 Pausaniam
1071 3921 1152 3981 inter
1169 3920 1310 3980 urbanos
1327 3927 1359 3978 et
1376 3918 1503 3981 exsules

204 4045 319 4104 pacem
336 4026 569 4105 composuisse,
587 4026 794 4088 condiciones
810 4031 919 4089 autem
943 4030 1073 4094 omittit.
1121 4028 1247 4108 Quodsi
1265 4027 1381 4088 deinde
1398 4041 1505 4092 narrat

205 4154 316 4214 regem
348 4136 462 4197 decem
486 4144 649 4216 tyrannos
683 4136 701 4197 i.
728 4157 753 4196 e,
781 4137 981 4199 decemviros
1009 4148 1085 4218 post
1108 4137 1326 4216 trigintaviros
1351 4139 1504 4218 expulsos

204 4253 331 4306 creatos
346 4245 499 4306 Eleusina
516 4245 655 4325 migrare
671 4245 809 4318 iussisse,
835 4266 899 4307 non
923 4246 1000 4309 facit
1024 4268 1098 4309 cum
1114 4246 1342 4326 Xenophonte,
1369 4249 1423 4328 qui
1448 4269 1503 4308 eos

205 4355 238 4416 in
280 4374 363 4435 pace
404 4356 633 4439 componenda
674 4376 738 4418 non
768 4365 1021 4429 commemorat,
1055 4377 1158 4435 neque
1189 4356 1284 4435 plane
1312 4379 1386 4420 vere
1417 4357 1503 4421 dicit.

205 4465 290 4533 Nam
313 4465 339 4530 si
364 4485 397 4530 re
420 4485 496 4528 vera
519 4464 551 4528 hi
575 4465 749 4530 decemviri
765 4465 916 4530 Eleusina
940 4467 981 4534 ad
1005 4475 1131 4531 ceteros
1154 4475 1308 4552 tyrannos
1333 4469 1376 4530 ire
1401 4466 1504 4530 iussi
