3402 5172
837 336 877 403 45

209 538 402 600 sententiam
425 539 598 618 sequimur,
613 539 664 600 hic
684 559 861 601 consensus
874 537 1025 621 explicari
1040 559 1104 601 non
1121 548 1240 621 potest,
1264 560 1339 603 nam
1356 539 1505 622 Trogum

208 649 400 730 Pompeium
423 653 536 711 notum
559 660 609 712 est
630 649 748 712 Christi
772 657 878 711 aetate
903 649 1053 712 historias
1076 670 1150 712 suas
1174 651 1348 733 scripsisse,
1374 651 1503 714 helleni-

208 780 319 821 corum
342 770 451 822 autem
476 760 642 842 epitomen
665 760 779 823 volunt
802 758 940 822 Grosser
963 769 996 822 et
1017 760 1054 834 ei,
1079 780 1163 842 quos
1186 771 1316 824 secutus
1345 770 1403 834 est,
1429 755 1520 844 post]

208 869 370 933 Christum
395 855 512 932 factam
542 892 622 943 esse,
655 881 742 933 certe
773 871 928 933 hellenica
957 890 1034 933 vera
1058 870 1218 933 Plutarchi
1248 871 1346 934 fuisse
1370 870 1502 946 fontem,

207 980 260 1042 diu
292 979 390 1060 igitur
424 963 498 1064 post
527 981 628 1062 Trogi
661 989 811 1065 tempora
841 981 1012 1044 exstitisse.
1062 981 1169 1062 Quam
1202 981 1247 1043 ob
1277 1001 1344 1043 rem
1374 991 1505 1066 oportet

207 1101 346 1152 statuere
362 1091 509 1172 Trogum
534 1100 566 1153 et
590 1092 692 1154 multo
717 1093 823 1174 magis
847 1077 1054 1155 eius'fontem
1077 1112 1119 1153 ex
1134 1091 1299 1155 hellenicis
1322 1092 1410 1174 ipsis
1438 1112 1503 1157 non

206 1223 248 1264 ex
272 1202 415 1284 epitome
446 1201 601 1276 hausisse,
634 1219 676 1266 ex
706 1223 772 1284 quo
802 1199 936 1264 eflicitur
968 1201 1033 1263 iam
1063 1202 1095 1264 in
1123 1200 1285 1264 hellenicis
1315 1203 1392 1288 ipsis
1421 1195 1504 1267 hane

207 1314 399 1376 amnestiam
423 1322 588 1375 narratam
612 1335 677 1376 non
703 1314 808 1386 fuisse,
834 1322 890 1375 aut
911 1312 1028 1374 iterum
1051 1313 1242 1376 adducimur
1264 1315 1306 1376 ad
1328 1313 1413 1376 illam
1430 1335 1503 1378 con·

206 1425 370 1497 lecturam,
389 1445 473 1505 quae
496 1423 564 1486 sine
591 1424 691 1486 dubio
708 1431 758 1486 est
780 1423 1011 1505 improbanda,
1036 1405 1184 1504 Trogum
1212 1423 1263 1486 vel
1287 1425 1358 1490 eius
1374 1423 1501 1488 sontem

205 1533 256 1597 vel
279 1535 414 1596 fortasse
438 1535 605 1606 Iustinum,
629 1555 703 1597 cum
726 1535 827 1614 Trogi
854 1533 1003 1596 historias
1031 1543 1230 1618 excerperet,
1255 1544 1289 1598 et
1316 1537 1500 1616 grammati·

204 1666 288 1718 cum,
311 1646 365 1726 qui
388 1644 545 1708 hellenica
567 1645 758 1726 corripuisse
781 1653 923 1724 putatur,
949 1653 1121 1726 utrumque
1145 1645 1328 1726 graviorem
1352 1646 1502 1709 amnesti-

204 1776 256 1817 am
292 1755 447 1826 omisisse,
487 1755 644 1817 minorem
679 1754 783 1818 solam
818 1755 1005 1816 narravisse.
1054 1754 1181 1835 Quibus
1210 1776 1251 1817 ex
1288 1758 1497 1836 argumentis

204 1866 313 1939 credo,
338 1865 416 1928 satis
440 1865 545 1928 elucet
570 1887 610 1929 ne
634 1887 691 1928 eos
713 1865 853 1948 quidem,
879 1865 933 1947 qui
957 1865 1112 1929 hellenica
1135 1866 1167 1928 in
1194 1866 1360 1947 epitomen
1387 1875 1505 1930 coacta

204 1997 276 2038 esse
299 1983 452 2048 statuant,
478 1997 525 2045 ea,
552 1997 636 2058 quae
660 1976 797 2039 Grosser
819 1997 861 2038 ex
883 1976 946 2038 hac
969 1977 1130 2038 sententia
1146 1976 1187 2038 de
1209 1977 1367 2042 amnestia
1391 1977 1499 2041 statim

205 2095 280 2167 post
305 2106 421 2167 pacem
450 2088 668 2170 compositam
699 2088 831 2149 decreta
863 2095 896 2149 et
926 2085 1133 2149 iureiurando
1164 2096 1276 2150 sancta
1299 2085 1499 2162 concluserit,

203 2197 343 2276 probare
368 2217 474 2279 posse.
523 2197 622 2278 Quod
646 2217 723 2260 vero
756 2195 893 2259 Grosser
922 2196 953 2258 in
979 2196 1179 2278 praefatione
1202 2219 1234 2280 p.
1259 2215 1281 2275 4
1304 2198 1381 2264 dicit
1402 2199 1498 2261 etiarn

203 2307 361 2369 sententia
385 2328 443 2369 sua
465 2307 505 2368 de
521 2307 749 2392 Xenophontis
771 2306 932 2371 hellenicis
955 2327 1020 2369 non
1044 2307 1182 2388 probata
1205 2317 1315 2370 tamen
1339 2329 1393 2383 ea,
1416 2329 1498 2390 quae

204 2417 244 2494 de
273 2418 431 2480 amnestia
462 2419 617 2492 docuerit,
647 2419 781 2502 probari
815 2439 920 2502 posse,
953 2417 1144 2492 firmissime,
1176 2438 1284 2499 sper0,
1318 2420 1382 2481 iam
1413 2441 1497 2485 nunc

205 2537 331 2594 constat
353 2528 439 2590 nullo
468 2530 569 2618 modo
596 2549 634 2591 ea
666 2549 762 2609 posse
792 2529 932 2611 probari.
981 2528 1091 2609 Quam
1120 2529 1164 2591 ob
1193 2548 1262 2590 rem
1286 2549 1351 2593 non
1382 2530 1497 2594 mirum
1547 2591 1548 2602 ,

205 2647 253 2700 est
276 2660 349 2701 eum
373 2660 432 2722 per
455 2649 560 2702 totum
583 2640 701 2702 librum
724 2638 849 2700 illorum
873 2638 1080 2721 praefationis
1103 2639 1276 2702 verborum
1301 2659 1372 2703 non
1389 2642 1497 2705 memi-

203 2750 297 2816 nisse.
343 2748 440 2812 Certe
469 2771 567 2814 nemo
600 2751 707 2813 dicere
738 2750 870 2812 audebit
900 2749 1154 2832 Xenophontem
1185 2750 1292 2832 ipsum
1325 2759 1392 2814 tam
1414 2751 1496 2815 falso

203 2881 252 2922 res
277 2860 329 2922 illo
353 2871 503 2944 tempore
526 2871 645 2942 gestas
669 2860 787 2943 qulbus
806 2860 876 2942 ipse
907 2859 1111 2932 interfuisset,
1137 2861 1323 2934 narravisse,
1358 2870 1393 2924 ut
1423 2883 1494 2926 eam

202 2972 405 3042 amnestiam,
431 2993 513 3054 quae
537 2970 725 3054 saepissime
749 2969 895 3032 Grosseri
918 2971 1079 3034 sententia
1107 2981 1392 3043 commemoratur,
1417 2993 1494 3056 neg-

201 3081 334 3162 legeret,
360 3082 503 3155 alteram,
529 3102 626 3161 quam
649 3101 763 3144 omnes
785 3081 973 3162 neglegunt,
999 3091 1150 3147 narraret.
1198 3081 1272 3162 Qua
1303 3084 1418 3146 eadem
1450 3103 1496 3148 ra·

203 3191 292 3252 tione
324 3212 445 3253 novum
470 3200 699 3276 argumentum
732 3191 827 3253 nobis
849 3193 1085 3274 suppeditatur,
1117 3209 1182 3274 quo
1201 3191 1333 3255 ¹firmius
1364 3193 1495 3258 demon-

201 3310 328 3375 stratur,
347 3302 472 3365 etiamsi
490 3322 563 3364 cum
581 3299 740 3364 Grossero
755 3310 896 3364 statuere
913 3301 1067 3364 vellemus
1084 3302 1313 3366 hellenicorum
1330 3305 1496 3387 epitomen

202 3413 296 3474 nobis
319 3412 473 3474 traditam
496 3433 576 3486 esse,
602 3420 710 3475 tamen
734 3412 828 3474 nobis
845 3432 910 3473 non
933 3412 1029 3476 licere
1053 3413 1135 3476 duas
1150 3414 1324 3476 amnestias
1348 3415 1496 3479 decretas

201 3531 352 3596 statuere,
378 3544 443 3585 non
467 3525 552 3585 enim
576 3524 646 3606 ipse
670 3520 807 3584 Grosser
830 3524 963 3604 negabit
995 3523 1247 3605 epitomatorem
1271 3544 1325 3588 eas
1355 3546 1406 3587 res
1436 3526 1494 3588 ele·

200 3635 286 3715 gisse
309 3634 492 3707 narrandas,
518 3655 603 3719 quae
624 3634 789 3715 graviores
813 3644 905 3696 erant
929 3643 989 3716 aut
1009 3643 1096 3696 certe
1129 3636 1158 3696 ei
1187 3634 1392 3703 videbantur.
1438 3636 1496 3698 Pu-

202 3754 293 3806 tasne
314 3765 401 3819 vero,
426 3745 474 3806 vir
497 3744 692 3817 doctissime,
719 3744 971 3826 epitomatorem
995 3753 1086 3807 tuum
1118 3752 1185 3807 tam
1219 3744 1352 3808 stultum
1385 3745 1494 3820 fuisse,

202 3864 237 3917 ut
259 3875 325 3916 non
348 3855 462 3918 viderit
478 3854 619 3937 priorem
636 3855 828 3917 amnestiam
851 3863 942 3917 tuam
959 3854 1062 3917 multo
1086 3855 1267 3935 graviorem
1284 3854 1381 3919 luisse
1397 3876 1496 3938 quam

202 3964 436 4047 posteriorem?

309 4074 467 4139 Consulto
491 4075 522 4137 in
546 4075 813 4137 antecedentibus
840 4095 905 4137 non
937 4075 1041 4138 solum
1064 4095 1135 4137 eam
1168 4076 1298 4158 respexi
1326 4077 1496 4154 rationem,

202 4203 287 4264 quae
317 4183 441 4245 Iustino
472 4203 546 4246 cum
581 4183 801 4267 Xenophonte
833 4185 987 4249 interesse
1020 4186 1253 4250 recentioribus
1282 4185 1357 4249 viris
1390 4189 1499 4252 'doctis

201 4294 337 4367 videtur,
371 4293 446 4374 quia
481 4295 562 4357 haec
598 4295 747 4376 quaestio
776 4305 910 4378 propter
942 4297 1053 4362 Iustini
1089 4297 1282 4359 brevitatem
1310 4307 1343 4360 et
1372 4318 1496 4362 errores

203 4404 321 4466 multos
344 4413 376 4466 et
400 4425 537 4488 magnos
552 4404 739 4468 difficillima
762 4406 869 4468 obiter
883 4407 1073 4488 plerumque
1096 4416 1232 4470 tractata
1255 4417 1287 4470 et
1309 4409 1351 4471 ad
1372 4419 1496 4472 certum

199 4511 298 4576 finem
320 4511 466 4579 nondum
489 4512 646 4600 perducta
669 4522 726 4581 est.
774 4512 874 4600 Quod
906 4513 948 4581 ad
970 4513 1087 4577 librum
1111 4515 1261 4602 quintum
1291 4516 1415 4596 attinet,
1446 4516 1497 4582 cui
