3402 5172
832 302 869 377 33

301 509 416 596 Neque
448 511 553 578 minus
585 533 633 586 ea,
658 533 744 593 quae
767 513 871 586 docui,
896 514 1096 577 affirmantur
1118 512 1259 578 Platonis
1280 511 1333 600 vel
1357 509 1495 576 Pseudo-

196 622 337 684 Platonis
362 624 434 685 loco
457 623 599 696 laudat0,
624 644 690 704 quo
715 623 795 686 haec
818 624 986 704 leguntur:
1016 618 1085 690 »Ἒκ
1108 648 1145 689 τε
1166 621 1228 709 γάρ
1252 634 1313 690 τοῦ
1335 627 1494 707 Πειραιῶς

196 733 252 796 καὶ
274 741 335 796 τοῦ
359 727 474 807 ἄστεος
498 727 542 808 ὡς
563 729 711 816 ἀσμένως
734 735 789 798 καὶ
811 732 938 808 οἰκείως
960 730 1113 818 ἀλληλοις
1128 733 1301 817 ξυνέμιξαν
1316 729 1346 797 σί
1362 737 1493 798 πολῖται

194 843 250 904 καὶ
273 837 352 926 παρ’
376 839 490 906 ἐλπίδα
505 855 574 917 τοῖς
589 838 699 917 ἄλλοις
710 837 848 927 Ἑλλησι,
864 842 925 908 τόν
939 867 975 908 τε
990 843 1077 928 πρὸς
1089 843 1168 919 τοὺς
1184 839 1336 908 Ἐλευσῖνι
1350 842 1493 925 πόλεμον
1592 903 1594 910 ,

189 943 235 1024 ὡς
259 953 398 1036 μετρίως
429 947 554 1016 totvm.
583 953 637 1016 καὶ
658 953 790 1018 τούτων
812 948 978 1018 άπάντων
1002 951 1097 1018 oridia
1121 948 1202 1018 ἄλλο
1225 953 1330 1018 αίτιον
1352 946 1372 1038 ἡ
1395 947 1415 1036 ἡ
1442 955 1492 1036 τῴ

193 1057 265 1125 ὄντι
286 1061 464 1146 ξυγγένεια,
489 1065 603 1142 φιλίαν
625 1063 755 1143 βέβαιον
778 1065 832 1127 καὶ
855 1058 1024 1146 ὁμόφυλον
1047 1061 1086 1128 οὐ
1103 1062 1201 1149 λόγῳ,
1219 1059 1292 1127 ἀλλ’
1308 1061 1394 1148 ἔργῳ
1410 1085 1491 1146 παρ·
1586 1054 1589 1067 ’

190 1172 331 1256 εχομένη.
363 1172 426 1256 χρὴ
454 1172 487 1236 δὲ
517 1175 570 1237 καὶ
600 1181 669 1238 τῶν
697 1171 733 1237 ἐν
761 1173 872 1258 τούτῳ
901 1177 951 1258 τῷ
981 1172 1115 1258 πολέμῳ
1144 1171 1414 1258 τελευτησάντων
1435 1167 1492 1235 ὑπ’

191 1276 347 1364 ἀλλήλων
368 1283 481 1364 μνείαν
505 1278 665 1364 ἔχεινκαὶ
688 1282 894 1364 διαλλάττειν
917 1281 1039 1360 αὐτοὺς
1063 1285 1091 1346 ω
1114 1281 1292 1366 δυνάμεθα,
1314 1279 1421 1365 εὐχαῖς
1436 1282 1491 1346 καὶ

191 1393 334 1470 θυσίαις,
357 1389 394 1456 έν
409 1404 478 1466 τοῖς
492 1393 639 1470 τοιοῖσδε,
657 1405 726 1468 τοῖς
750 1403 927 1478 κρατοῦσιν
953 1389 1065 1458 αὐτῶν
1088 1390 1289 1476 εὐχομένους,
1314 1390 1423 1476 ἐπειδὴ
1437 1393 1492 1456 καὶ

190 1497 279 1584 ἡμεῖς
311 1501 541 1586 ὁιηλλάγμεθα.
571 1499 610 1567 οὐ
639 1500 702 1588 γάρ
725 1506 822 1593 κακίᾳ
844 1501 999 1588 άλλὴλων
1016 1497 1158 1591 (ἠψαντο
1179 1499 1247 1568 odd
1270 1500 1382 1592 ἔχθρη,
1407 1498 1493 1566 ἀλλά

191 1613 353 1700 δυστυχίᾳ.
386 1612 549 1697 μάρτυρες
580 1613 613 1677 δὲ
634 1609 722 1697 ἡυεῖς
745 1611 839 1680 αὐτοί
861 1613 956 1698 ἐσμεν
981 1614 1113 1679 τούτων
1142 1612 1172 1679 οἱ
1195 1620 1325 1697 ζῶντες·
1347 1610 1376 1677 οἱ
1398 1609 1492 1677 αὐτοὶ

191 1720 255 1806 γάρ
278 1717 370 1798 ὄντες
392 1721 526 1798 ἐκείνοις
549 1722 634 1806 γένει
654 1723 848 1809 ξυγγνώμην
868 1721 1021 1808 ἀλλήλοις
1040 1721 1154 1808 ἔχομεν
1179 1715 1228 1788 ὧν
1246 1719 1276 1788 τ’
1297 1721 1492 1807 ἐποιήσαμεν

190 1823 280 1898 ροντ’
296 1830 489 1916 ,ἐπάθομεν
541 1830 624 1916 μετά
646 1833 679 1899 δὲ
709 1844 809 1900 τοῦτο
840 1839 1023 1910 παντελοῦς
1053 1834 1180 1918 εἰρὴνης
1212 1829 1287 1918 ἡμῖν
1319 1831 1491 1917 γενομένης

190 1937 328 2026 ἡσυχίαν
363 1938 440 2027 ἡγεν
472 1940 493 2028 ἡ
526 1942 651 2019 adira«
708 1947 817 2009 Etiam
851 1947 882 2007 in
916 1945 966 2006 his
998 1946 1058 2007 tria
1094 1945 1146 2007 illa
1182 1944 1265 2006 lacta
1301 1945 1490 2024 gravissima

190 2063 411 2140 secernuntur,
438 2055 539 2116 verbo
564 2053 773 2138 »ξυνέμιξανι
806 2055 964 2118 indicatur
995 2074 1061 2134 pax
1092 2065 1125 2118 et
1158 2055 1279 2117 reditus
1303 2053 1491 2138 patefacta

189 2163 390 2245 impetratus
416 2165 532 2226 deinde
549 2165 689 2227 breviter
706 2175 981 2228 commemoratur
1004 2165 1125 2227 bellum
1154 2165 1363 2233 Eleusinium,
1398 2163 1487 2245 quod
1570 2169 1572 2173 ’

191 2283 279 2335 arcte
302 2294 376 2352 cum
401 2275 504 2336 reditu
530 2275 745 2354 coniungitur,
770 2275 887 2336 deinde
910 2275 1115 2338 manifestum
1140 2285 1190 2337 est
1204 2276 1312 2338 verbis
1328 2275 1488 2355 sequenti·

191 2382 262 2459 buS,
292 2403 374 2463 quae
405 2386 446 2446 de
470 2387 629 2449 amnestia
654 2386 871 2467 intellegenda
895 2405 965 2446 esse
990 2405 1087 2448 nemo
1112 2386 1181 2459 erit,
1207 2386 1262 2467 qui
1286 2395 1394 2464 neget,
1411 2404 1489 2445 »rem

195 2491 364 2572 significari
396 2505 472 2575 post
496 2495 634 2557 reditum
660 2506 693 2558 et
715 2497 835 2559 bellum
857 2495 1056 2558 Eleusinium
1081 2494 1208 2568 laetam,
1233 2497 1342 2574 itaque
1365 2495 1423 2556 nisi
1448 2496 1489 2556 de

192 2606 349 2666 amnestia
373 2614 441 2666 tum
466 2605 596 2667 decreta
620 2606 760 2687 intellegi
785 2610 850 2669 non
873 2615 1026 2688 possunt,
1063 2606 1096 2668 id
1118 2606 1208 2687 quod
1230 2606 1327 2668 etiam
1352 2601 1489 2668 Grosser

191 2715 350 2787 concedit,
385 2715 462 2794 quia
498 2717 664 2799 »παντελῆ
691 2715 852 2800 είρὴνηνι,
886 2717 926 2778 de
959 2717 1078 2796 quibus
1108 2717 1215 2779 verbis
1245 2736 1341 2798 supra
1374 2715 1403 2798 (ξ
1442 2717 1491 2797 18)

190 2823 335 2898 disserui,
363 2846 446 2906 quae
470 2826 519 2887 his
542 2826 638 2887 rebus
663 2827 777 2889 effecta
802 2847 872 2888 esse
892 2827 1015 2900 dicitur,
1033 2826 1192 2914 amnestia
1208 2847 1266 2888 sua
1281 2825 1382 2888 altera
1399 2825 1489 2887 effec-

170 2943 257 2999 ¹tarn
282 2954 353 2996 esse
376 2955 408 3016 p.
428 2951 463 2996 21
492 2936 598 2998 docet.
636 2937 762 3016 Quodsi
779 2936 842 2998 hoc
859 2937 1019 3009 concedit,
1039 2937 1136 2998 etiam
1152 2936 1304 2998 hocloco
1320 2935 1487 3008 amnestia,

189 3063 288 3124 quarn
310 3045 369 3106 sibi
391 3046 517 3107 videtur
541 3046 700 3108 invenisse
723 3048 873 3126 priorem,
900 3047 994 3126 plane
1018 3046 1209 3127 neglegitur,
1235 3046 1362 3108 namin
1387 3046 1489 3108 verbo

189 3153 361 3236 ξυνέμιξαν
384 3155 561 3218 amnestiae
584 3157 756 3236 vestigium
783 3177 878 3220 nemo
902 3159 971 3220 sine
995 3158 1096 3246 dubio
1118 3155 1266 3217 inveniet.

298 3264 468 3330 Habemus
492 3267 590 3344 igitur
613 3277 742 3346 praeter
766 3289 812 3341 ea,
830 3287 915 3349 quae
929 3266 1117 3346 Xenophon
1142 3275 1175 3328 et
1192 3265 1330 3326 lustinus
1347 3275 1486 3338 narrant,

190 3375 272 3435 duos
305 3372 403 3447 locos,
435 3377 553 3457 quibus
584 3376 709 3438 bellum
739 3377 938 3438 Eleusiniam
970 3386 1254 3448 commemoratur,
1289 3386 1321 3436 et
1350 3385 1489 3456 utroque

189 3504 302 3546 eorum
346 3505 477 3566 prorsus
516 3487 633 3548 eodem
682 3487 782 3548 modo
821 3498 917 3568 atque
958 3486 1045 3571 apud
1083 3487 1166 3548 duos
1205 3485 1274 3546 illos
1313 3473 1487 3568 scriptores

191 3597 348 3662 amnestia
379 3605 455 3677 post
486 3596 561 3658 illud
591 3597 711 3661 bellum
742 3598 871 3658 decreta
886 3618 970 3687 'esse
999 3596 1152 3676 'pluribus
1186 3597 1293 3659 verbis
1328 3606 1483 3670 narratur,

188 3691 318 3768 alterius
342 3727 415 3768 cum
440 3727 523 3789 pace
547 3717 677 3769 etcum
702 3709 849 3777 exsulum
874 3707 979 3768 reditu
1003 3707 1196 3770 coniunctae
1213 3707 1335 3768 mentio
1353 3707 1485 3768 omnino

189 3797 277 3878 nialla
300 3814 344 3890 fit,
372 3826 403 3878 et
428 3816 509 3879 illius
533 3818 667 3898 quidem
691 3819 878 3889 amnestiae,
904 3836 1003 3899 quam
1026 3814 1163 3878 Grosser
1182 3817 1260 3879 dicit
1275 3817 1375 3878 altera
1393 3826 1485 3878 tanto

189 3928 372 4005 graviorem
396 3927 503 4002 luisse,
531 3937 566 3990 ut
590 3929 742 3990 omnibus
766 3929 880 3990 ceteris
904 3927 983 3989 locis
1007 3928 1075 3988 sola
1099 3927 1303 4006 respiciatur!
1432 4001 1434 4008 Α

294 4039 314 4116 ξ
341 4053 392 4102 21.
439 4038 499 4100 His
524 4047 676 4118 quattuor
691 4037 780 4116 lociS,
805 4039 880 4118 quia
896 4037 1063 4118 expeditio
1078 4035 1240 4100 Eleusinia
1263 4045 1359 4098 antea
1375 4055 1483 4097 narra-

188 4155 247 4216 tur,
271 4149 461 4230 amnestiam
487 4158 563 4228 post
587 4167 661 4210 eam
693 4149 858 4210 decretam
889 4147 1141 4228 intellegendam
1165 4167 1235 4208 esse
1260 4146 1329 4227 ipse
1364 4165 1484 4226 negare

187 4277 252 4320 non
284 4265 403 4334 potest,
429 4260 543 4321 ceteris
573 4266 682 4319 autem
708 4258 795 4329 locis,
829 4259 945 4337 quibus
975 4258 1056 4320 haec
1087 4257 1254 4337 expeditio
1289 4255 1481 4336 neglegitur,

187 4375 339 4448 oportere
362 4376 458 4445 putat
479 4369 672 4430 amnestiam
697 4366 838 4446 intellegi
870 4368 989 4429 eodem
1006 4343 1081 4439 die,
1114 4388 1180 4448 quo
1210 4365 1339 4428 exsules
1370 4365 1483 4428 urbem

188 4475 384 4549 intraverint,
416 4479 588 4544 decretam.
645 4478 711 4540 Sed
741 4487 867 4541 tautum
898 4479 1000 4572 abest,
1032 4487 1067 4540 ut
1100 4477 1182 4540 haec
1213 4476 1374 4538 sententia
1404 4474 1483 4538 locis
