3402 5172
858 360 903 420 60

770 450 981 458 ————-

227 589 365 653 exstare,
390 599 497 660 neque
520 574 736 638 demonstrari
766 593 864 655 posse
895 571 989 633 simul
1019 589 1094 631 cum
1124 591 1206 651 pace
1238 571 1289 632 vel
1313 569 1423 632 statim
1453 579 1531 650 post

228 711 301 752 eam
325 689 516 752 amnestiam
539 684 781 768 promulgatam
805 702 885 754 esse,
909 682 935 742 si
959 680 1154 763 quaerimus,
1172 681 1290 764 quibus
1313 682 1419 743 causis
1444 701 1530 745 com·

229 802 309 864 moti
332 800 392 862 viri
414 798 503 860 docti
528 796 613 858 hanc
636 794 829 856 sententiam
854 791 1057 876 protulerint,
1082 791 1170 872 apud
1193 791 1405 863 Mitiordium,
1429 792 1530 854 Thirl·

228 911 376 981 wallium,
399 909 567 980 Plassium‚
593 903 751 969 Groteum
776 901 892 965 frustra
915 903 1109 986 quaerimus,
1134 902 1211 984 quia
1240 902 1375 964 omnino
1404 912 1531 964 senten·

228 1023 309 1084 tiam
324 1039 418 1082 suam
435 1015 635 1098 argumentis
651 1035 716 1076 non
732 1014 870 1084 firmant,
883 1013 941 1075 sed
964 1012 1222 1091 exspectandum
1239 1021 1309 1074 erat
1332 1009 1530 1075 Grosserum

229 1151 343 1194 causas
366 1147 544 1211 exponere,
569 1134 714 1191 attamen
737 1123 789 1185 hic
812 1143 945 1206 quoque
966 1142 1072 1203 paene
1103 1142 1163 1185 nos
1191 1121 1319 1184 deserit.
1376 1125 1460 1185 Nam
1490 1145 1530 1185 ne

230 1262 329 1305 unum
353 1240 487 1324 quidem
509 1237 616 1299 locum
647 1234 764 1304 habet,
796 1253 865 1316 quo
895 1233 1030 1304 nitatur,
1062 1233 1121 1294 sed
1150 1253 1170 1293 a
1192 1253 1251 1294 sua
1274 1234 1429 1314 opinione
1452 1235 1529 1296 exit.

229 1352 428 1434 Numquam,
451 1357 487 1410 ut
509 1366 583 1426 pag.
614 1363 625 1406 1
654 1341 692 1406 et
711 1359 728 1423 7
754 1344 898 1425 exponit,
923 1343 984 1404 sibi
1007 1342 1203 1422 persuadere
1223 1344 1332 1422 potuit
1353 1343 1530 1407 Athenien-

229 1481 281 1524 ses
304 1479 359 1522 eas
381 1480 440 1530 res,
464 1477 549 1542 quae
564 1474 678 1516 omnes
692 1463 768 1516 ante
785 1451 932 1515 exsulum
950 1453 1089 1514 reditum
1106 1453 1210 1514 sactae
1224 1462 1342 1525 essent,
1367 1455 1531 1518 oblivione
1615 1525 1619 1534 ,

231 1570 338 1634 delere
360 1566 519 1632 nonnullo
537 1576 687 1646 tempore
711 1573 788 1642 post
811 1563 949 1624 reditum
974 1563 1165 1625 decrevisse.
1213 1564 1256 1626 Et
1289 1573 1425 1646 propter
1448 1564 1531 1628 hanc

230 1680 419 1761 opinionem
443 1678 471 1738 ei
496 1675 604 1755 placet
626 1693 741 1736 omnes
770 1673 871 1746 locos,
905 1673 1024 1756 quibus
1052 1673 1231 1735 amnestiae
1266 1675 1389 1736 mentio
1419 1673 1464 1749 fit,
1489 1697 1531 1738 ex

233 1811 293 1854 sua
316 1789 440 1852 ratione
465 1785 678 1866 interpretari,
710 1803 809 1866 quam
832 1784 992 1844 rationem
1014 1782 1220 1845 salsissimam
1249 1804 1321 1845 esse
1343 1804 1459 1846 omnes
1473 1786 1531 1847 viri

231 1900 329 1972 docti,
353 1917 460 1980 spero,
486 1899 550 1958 hoc
572 1894 681 1978 capite
705 1893 964 1954 demonstratum
987 1892 1165 1958 habebunt.

336 2007 403 2072 Sed
428 2025 536 2068 nonne
557 2003 694 2066 sortasse
718 1999 868 2064 Grosseri
899 2003 1060 2064 sententia
1085 2004 1304 2067 Athenienses
1335 2026 1401 2067 non
1435 2027 1532 2068 ausos

229 2142 301 2186 esse
324 2117 485 2182 amnestia
508 2133 574 2176 non
590 2112 721 2174 decreta
737 2113 768 2172 in
791 2131 887 2173 unam
910 2113 1074 2175 civitatem
1097 2135 1168 2176 sese
1191 2115 1300 2178 denuo
1323 2117 1531 2199 coniungere,

231 2250 331 2316 quam
356 2229 455 2290 etiam
480 2224 549 2286 illos
580 2205 783 2303 Anglicanos
815 2222 847 2283 in
878 2222 963 2284 hunc
992 2243 1133 2286 errorem
1165 2225 1330 2288 induxisse
1360 2229 1531 2312 verisimile

231 2351 290 2414 est,
314 2339 456 2422 aliquam
480 2334 582 2396 habet
604 2331 936 2394 verisimilitudinem?
965 2332 1061 2395 Certe
1090 2335 1215 2415 optime
1243 2335 1311 2398 fieri
1343 2339 1459 2418 potuit,
1495 2349 1531 2400 ut

231 2451 315 2515 duae
328 2447 493 2517 factiones,
508 2463 582 2505 cum
598 2460 714 2524 pacem
727 2452 972 2522 componerent,
996 2463 1112 2506 omnes
1135 2445 1264 2507 iniurias
1276 2455 1371 2509 antea
1382 2450 1531 2510 commis-

229 2581 283 2624 sas
304 2557 469 2628 oblivione
490 2553 599 2616 delere
620 2560 809 2624 statuerent,
834 2561 867 2613 et
888 2552 915 2613 si
937 2554 1134 2633 scriptorum
1156 2557 1364 2638 antiquorum
1386 2560 1530 2622 testimo·

231 2668 384 2752 niishoc.
403 2664 593 2733 traderetur,
617 2657 723 2743 neque
748 2661 826 2726 mihi
851 2682 957 2745 neque
980 2663 1032 2724 ulli
1062 2664 1186 2727 homini
1217 2667 1368 2748 prudenti
1400 2668 1441 2730 de
1471 2667 1533 2732 hac

231 2799 265 2840 re
289 2775 437 2848 dubitare
452 2767 483 2833 in
500 2780 643 2833 mentem
659 2770 792 2833 veniret.
842 2769 1007 2851 Quoniam
1031 2795 1109 2836 vero
1125 2776 1227 2838 multa
1241 2787 1317 2840 sunt
1332 2780 1529 2854 testimonia,

233 2907 317 2970 quae
340 2891 455 2965 aperte
479 2881 654 2944 ostendant
677 2878 740 2942 hoc
763 2901 827 2942 non
844 2902 916 2944 esse
933 2882 1064 2956 lactum,
1088 2906 1129 2947 ne
1153 2906 1252 2949 unum
1277 2889 1417 2971 quidem,
1442 2893 1532 2974 quod

231 3014 270 3056 ea
293 2989 453 3062 sententia
477 2987 708 3069 explicandum
730 2991 779 3064 sit,
806 3002 953 3054 nostrum
967 3004 1018 3056 est
1034 3016 1199 3076 quaerere,
1223 3000 1392 3080 quomodo
1408 3000 1532 3063 lactum

229 3093 285 3176 sit,
305 3110 340 3163 ut
363 3119 437 3162 cum
462 3117 543 3188 pace
567 3100 725 3161 amnestia
742 3121 806 3162 non
830 3103 1086 3185 coniungeretur.
1135 3105 1234 3168 Cuius
1258 3109 1301 3170 rei
1326 3129 1441 3172 causas
1465 3111 1531 3174 iam

232 3231 330 3291 supra
360 3212 393 3290 (ᾗ
429 3209 463 3288 ὁ)
499 3206 645 3288 pluribus
676 3211 783 3272 verbis
820 3214 965 3292 exposui.
1029 3215 1258 3300 Praeterquam
1294 3229 1404 3282 autem
1439 3224 1530 3303 quod

230 3321 325 3402 regis
339 3319 464 3382 externi
487 3337 553 3379 non
578 3335 778 3401 magnopere
802 3321 955 3384 interesse
978 3325 1086 3404 potuit
1109 3326 1231 3389 civitati
1255 3329 1340 3391 bene
1365 3330 1530 3394 instituen-

230 3432 293 3494 dae
317 3430 435 3492 diserte
460 3424 637 3500 consulere,
664 3438 696 3490 et
719 3431 809 3512 quod
831 3433 983 3495 omnibus
1007 3436 1146 3508 urbaniS,
1172 3438 1227 3519 qui
1251 3438 1313 3499 sibi
1336 3450 1529 3514 metuerent,

228 3533 500 3612 amnestiae'loco
523 3535 675 3599 Eleusina
703 3559 739 3600 se
769 3541 914 3604 conferre
947 3543 1075 3616 licebat,
1110 3566 1175 3607 non
1208 3557 1257 3609 est
1288 3549 1531 3630 neglegendum

227 3652 310 3713 hanc
342 3648 482 3730 primam
518 3643 654 3708 sortasse
690 3647 789 3710 luisse
823 3652 918 3714 huius
953 3655 1040 3716 modi
1081 3658 1283 3721 amnestiam.
1332 3658 1530 3739 Saepissime

228 3761 315 3822 enim
331 3758 469 3838 legimus
485 3756 568 3817 hanc
584 3764 641 3818 aut
657 3755 743 3819 illam
760 3760 924 3824 civitatem
941 3763 1099 3828 Graecam
1122 3767 1317 3832 factionibus
1337 3778 1371 3832 et
1387 3771 1529 3832 tumultu

227 3871 385 3950 agitatam
415 3888 495 3938 esse,
530 3885 709 3948 numquam
746 3889 826 3932 vero
857 3876 1015 3937 amnestia
1047 3878 1254 3958 promulgata
1295 3899 1411 3959 pacem
1447 3881 1530 3944 inter

227 3979 385 4042 factiones
409 3973 648 4038 reconciliatam
673 3997 752 4039 esse.
793 3981 908 4066 Neque
925 3984 1005 4048 haec
1020 3986 1270 4050 Atheniensium
1287 3991 1446 4052 amnestia
1460 4000 1529 4053 tan·

225 4103 294 4155 tum
320 4091 442 4174 gloriae
459 4085 594 4164 adipisci
616 4089 734 4168 potuit,
759 4091 818 4154 nisi
842 4095 1004 4178 singulare
1027 4097 1103 4181 quid
1127 4109 1160 4161 et
1183 4099 1373 4180 inusitatum
1403 4100 1526 4162 luisset.

675 4331 887 4341 --·-·-----..-.-,.
891 4333 991 4342 ,ρων-
994 4333 1099 4343 aun—n...
