3402 5172
803 327 847 388 49

181 543 296 584 omnes
326 533 396 584 tum
417 523 571 594 ,Eleusine
602 534 702 596 erant,
729 544 803 587 cum
827 521 908 586 haec
932 525 1035 586 oratio
1050 523 1170 586 'habita
1192 532 1250 587 est.
1298 523 1372 604 Qua
1396 521 1474 584 diffi-

183 633 303 695 cultate
336 633 494 715 imprimis
521 644 705 698 commotus
735 634 975 698 Rauchenstein
1003 635 1035 696 in
1068 634 1184 700 ›Phil‹
1218 635 1248 696 X
1276 655 1307 716 p.
1342 634 1403 713 596
1426 654 1474 715 sq.

178 754 254 826 post
284 744 435 808 Eleusina
468 755 691 827 recuperatam
724 766 799 808 eam
828 745 893 806 vult
924 745 1069 808 habitam
1100 765 1185 818 csse,
1208 765 1291 824 quae
1314 745 1476 808 sententia

176 875 195 916 a
226 855 453 936 Frohbergero
485 855 516 918 in
546 877 620 922 ann.
655 856 733 938 phil.
764 865 796 918 et
825 878 854 937 p.
888 855 1038 918 LXXXII
1062 876 1092 937 p.
1118 859 1182 932 408
1208 876 1255 937 sq.
1281 854 1418 917 refutata
1441 864 1476 916 et

178 965 278 1028 modo
308 965 350 1028 ab
378 966 449 1045 ipso
480 967 578 1030 missa
611 976 668 1029 est.
725 967 891 1046 Quoniam
922 967 1019 1046 igitur
1043 967 1148 1030 oratio
1170 966 1284 1029 habita
1305 975 1364 1038 est,
1389 969 1476 1028 ante·

117 1145 119 1150 ,
179 1096 277 1156 quam
313 1077 439 1138 Eleusis
470 1078 673 1159 reciperetur,
708 1076 854 1150 Grosser,
887 1077 936 1138 cui
968 1097 1081 1140 omnes
1110 1076 1221 1156 viginti
1254 1085 1289 1140 et
1321 1077 1474 1158 quinque,

178 1208 218 1249 ue
245 1187 316 1269 quis
346 1197 485 1250 mortem
510 1189 653 1270 effugiat,
679 1189 831 1252 Eleusine
854 1187 1040 1250 continendi
1065 1196 1148 1261 sunt,
1174 1188 1248 1252 diss.
1276 1188 1294 1250 1.
1320 1207 1357 1272 p,
1378 1191 1418 1252 28
1444 1197 1478 1250 et

178 1299 210 1360 in
234 1318 305 1361 ann.
331 1296 406 1380 phil.
432 1309 465 1361 et
488 1320 518 1381 p.
545 1298 586 1362 1c
608 1321 638 1381 p.
670 1316 730 1378 199
755 1307 848 1380 putat
871 1297 934 1359 iam
956 1305 1035 1367 tum,
1060 1317 1134 1360 cum
1156 1297 1308 1362 Eleusine
1331 1297 1477 1371 fuissent,

178 1417 274 1472 caute
306 1418 339 1470 et
371 1410 506 1491 provide
542 1409 712 1472 nonnullas
746 1409 903 1480 civitates,
940 1407 1129 1489 priusquam
1160 1408 1192 1470 in
1222 1429 1278 1472 eas
1313 1408 1473 1490 lugerent,

179 1528 276 1600 portu
309 1529 342 1581 et
369 1519 495 1601 refugio
529 1521 574 1583 eis
605 1521 817 1583 interdixisse.
874 1517 973 1598 Quod
1005 1518 1084 1580 ullas
1114 1519 1270 1593 civitates
1302 1529 1478 1600 antequam

180 1629 225 1692 eis
248 1631 459 1692 metuendum
483 1641 576 1697 esset.
603 1652 643 1694 ne
666 1629 857 1710 trigintaviri
881 1629 981 1692 adse
1006 1628 1118 1708 sugere
1142 1628 1271 1702 vellent,
1298 1629 1480 1711 providisse

179 1759 386 1820 nequaquam
415 1741 586 1822 probabile
616 1749 675 1806 est.
723 1740 831 1821 Quam
856 1740 990 1802 obrem
1015 1739 1125 1802 malim
1149 1760 1224 1800 cum
1248 1740 1480 1819 Frohbergero

181 1850 313 1912 credere
342 1851 462 1922 statim,
494 1871 567 1915 cum
592 1851 731 1914 Athenis
756 1851 915 1931 emigrare
939 1853 1144 1929 cogerentur,
1170 1850 1341 1913 nonnullos
1365 1870 1477 1912 eorum

180 1961 303 2024 maiore
337 1971 430 2042 parte
465 1963 593 2026 deserta
627 1963 773 2024 Atticam
807 1960 938 2042 fugisse.
998 1959 1056 2022 Cui
1093 1961 1272 2024 sententiae
1308 1981 1373 2023 non
1402 1960 1477 2022 licet

179 2071 301 2153 opponi
336 2071 589 2155 Xenophontem
626 2073 653 2134 11
686 2088 763 2150 424
798 2093 944 2138 narrare:
980 2071 1053 2141 »καὶ
1087 2069 1118 2134 οἳ
1149 2070 1209 2156 μὲν
1242 2069 1480 2155 τριάκοντα

181 2173 380 2246 Ἐλευσῖνάδε
402 2178 589 2268 curtatum,
622 2203 697 2245 nam
731 2183 794 2244 iam
830 2204 929 2264 supra
957 2182 989 2263 (ὅ
1017 2184 1044 2264 Ι)
1068 2182 1208 2244 vidimus
1232 2181 1273 2243 de
1295 2180 1480 2242 hominibus

179 2289 306 2370 triginta
333 2311 468 2353 numero
492 2302 579 2353 certe
603 2293 816 2374 cogitandum
842 2314 906 2354 non
930 2313 1011 2355 esse.
1057 2289 1095 2357 Oi
1118 2289 1299 2375 τριάκοντα
1322 2290 1481 2354 hocloco

181 2397 288 2478 plures
318 2420 416 2480 quam
447 2401 562 2481 viginti
592 2413 625 2463 et
657 2405 800 2484 quinque
830 2425 901 2466 esse
929 2425 995 2466 non
1026 2412 1172 2484 possunt,
1197 2403 1256 2465 sed
1279 2403 1320 2465 de
1344 2421 1480 2466 numero

182 2508 258 2570 nihil
279 2531 321 2572 ex
344 2510 393 2572 his
416 2512 523 2574 verbis
547 2513 798 2602 colligipotest,
825 2515 924 2576 etiam
947 2515 988 2576 de
1011 2514 1141 2576 duobus
1158 2511 1274 2594 Lysias
1298 2512 1329 2575 X
1352 2530 1388 2592 31
1417 2512 1480 2574 hoc

183 2621 312 2682 nomine
335 2623 442 2686 utitur.
1068 2699 1071 2704 Ι

287 2735 307 2811 ἓ
336 2736 382 2798 18.
407 2733 544 2808 Deinde,
570 2745 605 2798 ut
627 2755 727 2817 supra
750 2736 1055 2807 demonstravimus,
1082 2734 1241 2796 amnestia
1264 2734 1394 2796 decreta
1418 2742 1477 2802 est,

180 2861 276 2922 quam
298 2839 435 2906 Grosser
458 2843 558 2907 habet
580 2844 726 2921 alteram,
749 2857 782 2908 et
805 2867 902 2927 quam
928 2867 967 2908 eo
990 2846 1098 2927 priore
1122 2844 1358 2925 generaliorem
1382 2843 1479 2906 fuisse

181 2952 320 3026 coniicit,
354 2955 442 3035 quod
467 2975 564 3018 nemo
588 2956 629 3018 ab
646 2978 685 3020 ea
702 2958 851 3019 exclusus
868 2957 918 3022 sit.
955 2957 1022 3020 Sed
1038 2957 1064 3018 si
1079 2955 1266 3034 Xenophon
1283 2963 1316 3016 et
1332 2954 1480 3025 lustinus,

182 3062 237 3141 qui
266 3072 402 3142 uterque
431 3064 488 3127 has
520 3087 570 3128 res
603 3068 794 3130 brevissime
825 3078 965 3136 narrant,
998 3066 1149 3128 homines
1184 3065 1227 3126 ab
1257 3085 1295 3126 ea
1331 3062 1482 3126 exclusos

182 3191 246 3234 non
271 3186 540 3250 commemorant,
566 3175 639 3239 hinc
664 3199 729 3240 non
763 3177 902 3240 efficitur
925 3176 1093 3240 exclusum
1114 3195 1187 3237 esse
1211 3175 1386 3252 neminem,
1410 3194 1485 3236 narn

181 3282 262 3346 haec
291 3305 341 3346 res
368 3295 436 3347 tam
471 3288 559 3368 parvi
590 3290 746 3351 momenti
773 3299 852 3360 erat,
880 3298 915 3350 ut
943 3286 1141 3369 Xenophon,
1168 3286 1294 3349 etiamsi
1317 3285 1411 3348 latius
1436 3304 1486 3346 res
1515 3318 1519 3325 ·

183 3415 222 3456 eo
246 3403 394 3477 tempore
416 3407 526 3475 gestas
550 3399 781 3482 descripsisset,
807 3419 878 3462 eam
903 3399 1052 3462 omittere
1086 3397 1238 3478 potuerit,
1264 3406 1300 3458 ut
1322 3396 1339 3479 ς
1362 3396 1383 3457 6
1406 3415 1481 3476 pag.

187 3520 224 3584 17
257 3505 559 3573 demonstravimus.
613 3511 725 3592 Itaque
757 3507 836 3572 falso
868 3507 1009 3572 Grosser
1039 3529 1071 3590 p.
1107 3523 1144 3569 21
1182 3507 1260 3569 dicit
1283 3525 1481 3587 quemquam

183 3615 351 3678 exclusum
383 3637 454 3679 esse
484 3619 547 3682 hoc
577 3621 808 3702 Xenophontis
837 3619 910 3681 loco
944 3619 1064 3700 negari.
1119 3619 1235 3697 Neque
1271 3637 1349 3680 vero
1379 3615 1483 3696 magis

184 3727 254 3788 eius
287 3729 447 3790 sententia
481 3731 595 3792 ceteris
629 3732 709 3794 locis
752 3730 917 3813 probatur,
954 3751 1038 3811 quos
1072 3730 1193 3792 ibidem
1229 3728 1330 3793 affert.
1385 3725 1484 3806 Quod

184 3836 321 3899 Iustinus
346 3838 364 3905 l.
388 3839 406 3904 l.
435 3840 529 3905 dicit:
557 3839 621 3902 »ita
643 3862 702 3921 per
726 3841 826 3904 multa
850 3840 997 3902 membra
1021 3840 1310 3922 civitasdissipata
1332 3839 1482 3900 inunum

183 3948 316 4013 tandem
347 3970 464 4030 corpus
496 3951 687 4030 redigitur«,
717 3950 959 4014 Demosthenes
989 3950 1052 4012 XX
1087 3967 1140 4012 11:
1176 3945 1215 4033 »ἡ
1246 3947 1342 4022 πόλις
1373 3945 1418 4021 εἰς
1446 3943 1483 4010 ἓν

183 4045 297 4142 ἦλθεν,
315 4059 406 4121 Plato
422 4061 551 4124 Menex.
574 4077 629 4137 14:
652 4065 853 4136 »παντελοῦς
875 4060 1002 4145 εἰρήνης
1018 4055 1095 4144 ἡμῖν
1108 4059 1312 4143 γενομένηςι,
1326 4059 1485 4121 Isocrates

183 4169 245 4232 VII
274 4169 335 4249 67:
372 4165 479 4236 »ollem
506 4169 550 4237 τὰ
580 4170 663 4257 πρὸς
686 4171 765 4246 τοὺς
791 4163 910 4246 ἄλλους
932 4175 1041 4246 καλῶς
1063 4172 1118 4234 καὶ
1141 4172 1284 4254 νομίμως
1306 4165 1480 4253 διῴκησαν,

184 4273 267 4343 ὥστε
281 4278 379 4364 μηδὲν
394 4279 531 4348 ἔλαττον
546 4280 629 4366 ἔχειν
643 4281 721 4358 τοὺς
736 4280 936 4361 ἐκβαλόντας
959 4287 1029 4346 τῶν
1046 4279 1319 4358 ,κατελθόντωνι,
1341 4279 1391 4342 his
1405 4279 1485 4342 locis

185 4389 298 4465 elucet,
325 4393 414 4472 quod
438 4393 502 4455 iam
526 4395 649 4457 dudum
674 4395 769 4456 nobis
793 4404 907 4455 notum
924 4402 982 4466 est,
1002 4393 1148 4455 diversas
1163 4390 1320 4454 sactiones
1335 4391 1367 4452 in
1383 4409 1480 4452 unam

184 4502 348 4565 civitatem
384 4502 504 4565 redisse
539 4514 571 4567 et
602 4506 720 4569 deinde
749 4523 865 4587 pacem
896 4503 1002 4566 luisse.
1059 4503 1171 4583 Atque
1201 4501 1267 4564 hoc
1301 4508 1387 4562 certe
1420 4499 1482 4561 dici

292 4628 410 4686 Lubbert,
431 4628 463 4678 de
485 4631 614 4681 amnestia.
1267 4639 1285 4687 4
