3402 5172
811 373 878 452 59Ἰ

172 565 221 637 ὧν
244 573 414 660 ἡδίκηντο<<
442 584 502 637 etc.
549 573 578 636 E
609 575 725 656 quibus
748 573 885 639 Grosser
915 576 1056 659 primum
1087 576 1251 639 concludit
1281 577 1473 640 amnestiam

172 665 367 767 pactionem
383 686 489 758 fuisse,
515 686 604 770 quod
627 685 732 766 magis
755 685 860 749 lacere
883 708 942 770 pro
966 707 1039 748 mea
1063 706 1161 766 quam
1176 707 1236 769 pro
1252 687 1322 750 eius
1345 697 1471 750 senten·
1510 755 1513 770 ⁸

172 797 217 859 tia
241 817 282 858 ex
305 796 359 870 eis,
385 817 469 880 quae
493 815 589 875 supra
613 795 644 876 (ξ
670 811 686 876 7
712 805 747 858 et
769 799 907 882 saepius)
932 797 1037 875 docui,
1067 796 1275 860 manifestum
1306 806 1364 871 est,
1396 796 1475 860 'alte-

172 927 244 968 rum
279 907 342 970 hac
377 906 535 968 amnestia
569 905 699 968 decreta
733 907 898 970 civitatem
927 917 1145 988 tyrannorum
1183 905 1406 971 dominatione
1441 916 1474 972 et

172 1017 314 1097 discidio
331 1017 499 1092 liberatam
524 1036 603 1087 esse,
627 1013 659 1074 id
683 1013 773 1094 quod
796 1014 837 1074 de
860 1015 1018 1076 amnestia
1042 1035 1108 1078 non
1139 1017 1249 1080 statim
1283 1025 1359 1100 post
1383 1037 1473 1081 exsu-

171 1127 238 1189 lum
261 1127 400 1190 reditum
423 1127 554 1188 decreta
578 1144 643 1186 non
667 1119 773 1185 minus
796 1123 859 1185 dici
882 1124 989 1204 potuit
1005 1145 1103 1207 quarn
1119 1126 1159 1188 de
1178 1125 1329 1189 Grosseri
1349 1126 1465 1208 priore.

172 1237 257 1316 Quia
279 1236 331 1298 hic
353 1235 442 1298 locus
465 1237 600 1298 haustus
624 1254 695 1295 esse
725 1234 853 1308 videtur
875 1255 916 1296 ex
939 1235 1096 1309 oratione,
1122 1257 1187 1319 qua
1211 1235 1333 1317 Cicero⁴
1347 1236 1472 1300 civibus

171 1343 237 1404 suis
263 1343 454 1405 amnestiam
489 1343 738 1416 commendavit,
773 1343 864 1407 lacile
893 1353 942 1408 est
974 1346 1117 1426 cognitu,
1150 1366 1206 1408 cur
1237 1347 1415 1426 amnestiae
1440 1347 1473 1409 id

81 1537 88 1548 Ι
172 1453 341 1526 tribuatur,
367 1453 458 1535 quod
481 1471 633 1533 magnam
656 1462 783 1536 partem
807 1463 903 1516 antea
934 1455 1005 1529 iam
1030 1466 1099 1518 erat
1128 1455 1258 1518 factum.
1308 1455 1473 1538 Apertum

171 1571 220 1625 est
251 1563 441 1632 Ciceronem
465 1563 714 1626 Atheniensium
746 1585 797 1626 res
827 1565 869 1627 ad
899 1586 974 1628 suas
997 1567 1257 1652 accommodare.
1305 1566 1471 1647 Quoniam

171 1673 203 1735 id
227 1673 302 1754 agit,
329 1682 364 1734 ut
388 1674 540 1735 ostendat
563 1673 811 1736 Atheniensium
842 1675 1008 1738 civitatem
1031 1675 1225 1740 factionibus
1250 1677 1407 1758 agitatam
1437 1698 1466 1739 a·

171 1784 307 1846 mnestia
324 1784 454 1846 decreta
471 1783 595 1847 felicem
618 1795 651 1848 et
674 1795 844 1868 potentem
868 1786 988 1850 laetam
1011 1807 1092 1861 esse,
1117 1786 1213 1869 plane
1237 1785 1383 1866 neglegit
1406 1769 1468 1850 bel·

170 1893 235 1957 lum
266 1893 414 1956 exsulum
445 1903 558 1956 contra
589 1897 728 1978 patriam
752 1907 891 1980 gestum,
917 1919 1034 1979 pacem
1059 1898 1143 1959 inter
1164 1895 1340 1979 populares
1364 1905 1396 1960 et
1420 1915 1466 1958 ur·

169 2005 273 2067 banos
290 2005 517 2085 compositam,
543 2006 654 2089 populi
679 2007 828 2080 reditum,
854 2008 1098 2088 expeditionem
1113 2006 1323 2080 Eleusiniam,
1349 2013 1382 2067 et
1405 2005 1468 2068 hoc
1543 2088 1546 2096 Δ

169 2134 269 2176 unum
284 2114 449 2196 praedicat
465 2116 623 2177 amnestia
646 2137 703 2178 eos
721 2117 812 2179 malis
836 2117 990 2180 liberatos
1013 2139 1092 2180 esse.
1141 2117 1240 2198 Quod
1263 2116 1290 2178 si
1313 2115 1383 2178 eius
1399 2123 1467 2208 erat

169 2223 346 2298 consilium,
373 2245 436 2287 non
461 2234 519 2298 est,
545 2246 602 2287 cur
625 2247 783 2308 negemus
806 2247 879 2289 eum
904 2205 1193 2291 omnibus'ceteris
1221 2225 1317 2288 rebus
1341 2225 1486 2306 neglec-

169 2335 210 2396 tis
234 2315 307 2397 eam
331 2337 535 2411 amnestiam,
560 2357 659 2419 quam
683 2357 780 2400 unam
803 2359 874 2400 esse
905 2339 969 2400 iam
999 2344 1137 2410 constat,
1160 2335 1210 2397 his
1241 2335 1348 2408 verbis
1378 2355 1467 2398 mon6

170 2455 280 2508 strare.
330 2447 405 2508 Hoc
429 2447 563 2510 consilio
586 2449 685 2510 etiarn
710 2447 817 2510 dicere
841 2447 947 2531 potuit
977 2445 1037 2509 hae
1065 2447 1224 2509 amnestia
1247 2445 1468 2509 Athenienses

170 2577 189 2617 a
213 2557 356 2636 tyrannis
373 2565 404 2619 et
428 2557 596 2620 discordiis
612 2557 765 2637 liberatos
788 2577 858 2619 esse
875 2567 908 2620 et
926 2557 1064 2639 patriam
1080 2555 1330 2639 recuperavisse.
1357 2555 1467 2636 Quod-

169 2667 195 2728 si
219 2667 318 2728 verba
354 2667 479 2747 singula
513 2687 628 2747 urgere
660 2667 737 2740 vult,
774 2668 872 2730 etiam
896 2666 1054 2730 Grossero
1090 2686 1229 2747 magnae
1261 2663 1468 2730 difficultates

169 2797 203 2838 se
219 2777 387 2858 praebent,
415 2798 522 2860 neque
547 2779 632 2840 enirn
656 2777 724 2858 ipse
744 2777 1024 2842 demonstraturus
1039 2787 1089 2840 est
1104 2779 1270 2851 amnestia,
1297 2796 1395 2860 quam
1411 2775 1467 2838 fin·

166 2888 214 2950 xit
238 2887 388 2968 priorem,
416 2887 632 2950 Athenienses
656 2888 795 2969 patriam
826 2888 1067 2969 recuperavisse
1089 2897 1121 2950 et
1144 2907 1164 2950 a
1187 2889 1332 2967 tyrannis
1355 2887 1466 2950 libera·

169 3007 221 3060 tos
252 3017 331 3071 esse,
367 3018 505 3080 quorum
537 2999 672 3061 alterum
705 3019 786 3080 pace
815 2998 935 3061 factum
965 3006 1042 3071 erat,
1073 2998 1209 3060 alterum
1233 2996 1337 3060 multo
1360 3005 1466 3062 antea.

169 3108 296 3170 Deinde
325 3109 489 3184 demum,¹
506 3129 580 3171 cum
609 3110 752 3190 singulas
784 3109 941 3170 sactiones
971 3107 1125 3193 appellari
1154 3115 1321 3192 oporteat,
1353 3105 1467 3169 Cicero

168 3219 311 3300 loquitur
335 3219 376 3280 de
399 3220 452 3292 eis
479 3221 533 3302 qui
558 3240 575 3280 e
598 3220 730 3281 Piraeeo
752 3219 951 3291 reverterint,
976 3227 1009 3280 et
1033 3219 1074 3279 de
1092 3217 1230 3290 urbanis,
1247 3217 1305 3279 sed
1332 3237 1406 3292 non,
1432 3225 1468 3279 ut

169 3349 218 3390 res
253 3338 359 3392 narret
390 3339 465 3392 ante
499 3330 690 3392 amnestiam
725 3329 834 3391 factas.
883 3328 1019 3391 Grosser
1051 3337 1159 3396 autem
1189 3327 1319 3390 tertium
1350 3349 1390 3388 ex
1414 3327 1464 3390 his

168 3439 275 3500 verbis
309 3438 430 3518 colligit
465 3440 585 3520 Phylen
620 3448 749 3523 captam
785 3448 827 3519 et·
850 3438 996 3500 exsulum
1031 3438 1169 3500 reditum
1201 3457 1275 3501 cum
1309 3438 1466 3500 amnestia

169 3548 332 3632 coniungi,
363 3550 453 3630 quod
482 3570 588 3632 neque
620 3559 706 3612 recte
736 3550 860 3622 dicitur,
895 3570 1003 3632 neque
1036 3548 1077 3610 de
1105 3547 1282 3610 amnestiae
1316 3555 1467 3628 tempore

169 3659 346 3740 quidquam
380 3659 455 3721 inde
491 3661 706 3740 cognoscitur.
762 3660 848 3720 Nam
881 3659 1048 3741 expeditio
1071 3657 1236 3719 Eleusinia
1266 3677 1330 3720 non
1362 3656 1467 3718 solum

171 3769 276 3831 omitti
307 3771 423 3850 potuit,
455 3769 539 3850 qula,
572 3778 607 3832 ut
635 3770 704 3851 ipse
737 3768 874 3831 Grosser
903 3769 993 3831 addit
1022 3788 1088 3830 non
1111 3767 1253 3830 sentiens
1286 3787 1333 3829 se.
1357 3765 1470 3828 c'ontra

170 3899 262 3942 suam
286 3880 386 3962 ipsius
409 3879 597 3961 opinionem
622 3889 852 3958 argumentum
877 3876 1030 3959 proferre,
1067 3875 1352 3940 ›nebensachlichr
1390 3884 1467 3949 erat,

169 3991 227 4051 sed
252 3991 360 4072 potius
385 3990 565 4052 omittenda
581 3997 658 4062 erat,
677 3989 753 4068 quia
770 3988 801 4049 in
818 3989 954 4050 duarum
997 3986 1176 4050 factionum
1200 3985 1384 4049 nominibus
1401 3985 1470 4047 eius

170 4101 326 4163 mentioni
349 4120 415 4161 non
438 4109 508 4162 erat
528 4099 631 4164 locus.
1352 4155 1353 4158 ,

279 4211 295 4293 ξ
321 4225 370 4285 24.
419 4211 597 4293 Postquam
630 4208 676 4269 sic
701 4207 961 4269 demonstratum
993 4215 1042 4270 est
1072 4226 1119 4280 ea,
1153 4225 1236 4290 quae
1267 4206 1308 4267 de
1340 4205 1469 4268 duabus

171 4319 336 4381 amnestiis
359 4319 546 4392 doceantur,
569 4318 662 4381 nullis
686 4317 895 4396 argumentis,
936 4326 1160 4400 quotcumque
1185 4314 1290 4378 adhuc
1316 4314 1469 4394 cognovi-

172 4449 254 4502 mus,
281 4449 354 4491 cum
378 4449 482 4509 pauca
505 4436 626 4492 restent
650 4428 681 4489 in
703 4427 854 4509 proximo
878 4427 988 4508 capite
1012 4425 1182 4497 tractanda
1206 4446 1248 4487 ex
1271 4425 1471 4487 orationibus

171 4539 390 4622 compluribus
413 4538 524 4620 petita,
550 4537 710 4612 affirmari,
736 4557 842 4620 neque
867 4535 965 4598 ullum
989 4535 1125 4615 duplicis
1143 4533 1321 4597 amnestiae
1338 4535 1471 4614 signum
