3402 5172
819 318 863 392 44

737 393 949 404 -—-—-—-..-...

299 517 411 598 Atque
447 517 545 579 etiam
580 525 693 578 contra
727 514 810 610 hanc
845 519 1039 580 sententiam
1073 517 1105 579 in
1140 517 1201 582 hac
1234 491 1386 582 contione
1417 530 1491 583 ante

193 610 387 708 Thrasybuli
412 627 595 689 orationem
618 626 764 689 habitam
786 629 981 690 amnestiam
1004 630 1168 692 decretam
1193 649 1273 702 esse,
1305 629 1379 692 lacit
1411 630 1492 694 haec

193 739 298 804 oratio
321 739 401 818 ipsa.
448 737 531 800 Nam
556 757 634 802 vero
656 739 841 819 proximum
865 750 923 812 est,
949 740 975 800 si
1000 740 1063 803 hoc
1088 739 1208 802 lactum
1232 749 1327 813 esset,
1353 741 1490 822 Thrasy-

191 848 304 911 bulum
329 869 393 910 non
410 867 673 927 supersessurum
692 848 790 912 luisse
814 849 881 911 eius
904 851 1103 912 mentionem
1119 850 1223 914 lacere
1247 860 1279 912 et
1295 852 1490 914 urbanorum

193 961 277 1022 vitiis
300 960 384 1022 hanc
406 959 554 1022 exsulum
578 959 836 1023 moderationem
860 970 892 1023 et
915 961 1151 1023 humanitatem
1182 965 1360 1043 opponere.
1407 962 1489 1023 The·
1560 1021 1564 1026 .

192 1071 351 1133 banorum
375 1080 484 1132 autem
508 1070 609 1132 verba
633 1070 696 1131 iam
728 1069 858 1134 laudata
882 1081 973 1154 patet
997 1093 1060 1134 non
1085 1071 1244 1134 difficilius
1268 1072 1314 1144 de¹
1332 1073 1489 1134 amnestia

192 1183 303 1263 paucis
334 1181 501 1244 mensibus
530 1190 606 1262 post
637 1179 785 1258 exsulum
816 1182 955 1246 reditum
987 1183 1118 1245 decreta
1148 1183 1289 1264 intellegi
1321 1186 1489 1269 quamde

192 1292 254 1355 hac
277 1292 439 1355 amnestia
461 1312 481 1353 a
505 1288 665 1353 Grossero
688 1291 774 1358 ficta.

298 1402 396 1482 Quod
421 1401 561 1482 denique
585 1402 632 1463 vir
655 1402 771 1464 doctus
796 1424 826 1484 p.
857 1419 896 1479 14
918 1403 996 1466 dicit
1019 1405 1116 1467 etiam
1141 1405 1224 1468 hanc
1248 1407 1429 1469 orationem
1446 1407 1488 1469 ab

192 1513 411 1594 epitomatore
435 1512 530 1575 valde
551 1521 734 1594 correptam
758 1534 838 1588 esse,
864 1535 1062 1596 quamquam
1092 1518 1135 1578 ad
1164 1526 1306 1579 nostram
1331 1518 1488 1599 quaestio-

192 1623 267 1686 nem
291 1644 356 1686 non
380 1624 528 1705 pertinet,
553 1623 649 1704 plane
673 1623 847 1704 neglegere
872 1626 956 1686 nole.
1004 1627 1090 1688 Num
1106 1626 1362 1706 Xenophontem
1382 1628 1489 1709 ipsum

192 1734 276 1797 hanc
297 1735 477 1797 orationem
494 1753 607 1814 neque
630 1743 788 1796 mutatam
811 1755 914 1816 neque
945 1746 1129 1820 correptam
1152 1737 1233 1799 libro
1258 1759 1317 1799 suo
1350 1739 1488 1800 inserere

191 1843 354 1926 oportuit?
378 1842 521 1916 sivero,
548 1854 582 1907 ut
606 1846 797 1929 plerumque
819 1844 864 1917 fit,
890 1865 1053 1908 summurn
1084 1847 1238 1908 orationis
1260 1857 1488 1928 argumentum

190 1955 319 2018 tradere
342 1953 454 2027 voluit,
478 1974 535 2016 cur
559 1972 623 2017 non
648 1957 717 2036 ipse
741 1956 858 2019 eodem
884 1957 950 2018 iure
973 1966 1072 2041 atque
1096 1959 1294 2039 epitomator
1325 1977 1396 2020 eam
1421 1979 1487 2044 cor-

191 2066 295 2146 ripere
328 2064 452 2146 potuit?
485 2065 694 2128 Prooemium
723 2066 823 2133 deest.
872 2066 936 2130 Cur
966 2088 1031 2130 non
1063 2067 1249 2148 Xenophon
1280 2069 1349 2152 ipse
1384 2071 1488 2150 prima

191 2173 388 2256 Thrasybuli
417 2175 516 2238 verba
547 2176 652 2238 minus
676 2178 789 2258 gravia
811 2179 961 2240 omittere
990 2179 1118 2266 potuit?
1153 2179 1221 2242 Sub
1254 2178 1351 2240 finem
1383 2180 1488 2242 oratio

191 2295 279 2349 recta
311 2287 456 2352 mittitur.
503 2284 569 2348 Cur
600 2307 665 2348 non
695 2287 880 2369 Xenophon
911 2289 980 2371 ipse
1008 2290 1132 2356 verbis:
1166 2286 1287 2354 »εἰπὼν
1317 2289 1350 2353 δὲ
1383 2298 1488 2354 ταῦτα
1559 2289 1561 2293 ’

190 2397 245 2460 καὶ
268 2390 370 2462 ἄλλαι
398 2405 457 2458 etc.
483 2397 624 2459 indicare
648 2399 755 2480 potuit
785 2419 821 2460 se
852 2419 917 2461 non
951 2407 1053 2462 totam
1086 2401 1266 2463 orationem
1294 2401 1492 2463 verbotenus

189 2506 358 2570 attulisse?
1265 2573 1266 2577 ,

298 2618 315 2700 ξ
342 2617 389 2682 16,
437 2618 564 2696 Quibus
597 2620 825 2684 demonstratis
854 2619 941 2682 aliud
978 2632 1207 2702 argumentum
1251 2623 1386 2694 accedit,
1422 2642 1488 2706 quo

195 2728 306 2808 utique
343 2737 492 2790 vetamur
530 2738 643 2813 putare
674 2729 789 2811 prioris
819 2732 997 2794 amnestiae
1035 2735 1232 2795 mentionem
1263 2734 1351 2814 apud
1382 2733 1488 2794 Xeno·

194 2841 351 2924 phontem
368 2841 521 2902 omissam
543 2861 624 2913 esse,
650 2841 739 2922 quod
762 2852 991 2921 argumentum
1016 2840 1153 2906 Grosser
1169 2852 1238 2905 tota
1261 2833 1488 2906 dissertatione

196 2953 290 3037 plane
314 2951 467 3031 neglexit,
500 2971 695 3014 consensum
725 2951 797 3013 dico
828 2953 1056 3034 Xenophontis
1087 2964 1119 3017 et
1153 2954 1272 3016 lustini.
1324 2954 1409 3016 Nam
1441 2953 1488 3016 Iu·

193 3063 308 3136 stinus,
334 3071 369 3124 ut
390 3081 488 3142 supra
512 3063 543 3141 (ξ
566 3064 601 3142 4)
632 3061 780 3134 vidimus
813 3083 877 3125 non
906 3084 999 3125 secus
1021 3085 1059 3126 ac
1082 3063 1267 3146 Xenophon
1291 3073 1367 3126 ante
1390 3085 1486 3145 expe·
1518 3049 1521 3056 ⁴

195 3173 352 3235 ditionem
388 3171 586 3234 Eleusiniam
622 3171 799 3234 amnestiae
835 3174 1033 3236 mentionem
1070 3195 1135 3236 non
1170 3174 1262 3248 facit,
1302 3182 1388 3257 post'
1414 3196 1486 3237 eam

193 3283 312 3346 diserte
336 3290 444 3344 narrat
466 3281 657 3344 amnestiam
686 3283 926 3364 promulgatam
960 3305 1040 3350 esse.
1088 3285 1325 3367 Quaecumque
1350 3286 1487 3348 sontium

194 3393 275 3496 rqtio
291 3393 412 3455 Iustino
429 3413 502 3454 cum
519 3392 738 3475 Xenophonte
753 3395 931 3467 intercedit,
945 3394 998 3456 hic
1010 3395 1126 3458 horum
1140 3377 1276 3458 duorum
1292 3397 1486 3478 scriptorum

192 3523 369 3566 consensus
401 3503 522 3564 nullam
554 3503 790 3565 dubitationem
813 3504 854 3566 de
878 3525 951 3568 mea
975 3507 1099 3569 ratione
1131 3507 1288 3588 relinquit.
1336 3507 1402 3568 Fac
1426 3509 1485 3590 pri·

192 3632 282 3680 mum
312 3611 469 3674 lustinum
499 3613 549 3674 vel
584 3615 693 3696 potius
716 3615 863 3696 Trogum
896 3615 1087 3697 Pompeium
1118 3617 1263 3680 hausisse
1294 3638 1312 3680 e
1344 3617 1434 3680 lonte
1468 3639 1487 3679 a

193 3721 412 3804 Xenophonte
448 3724 581 3785 omnino
613 3724 759 3798 diverso,
793 3726 941 3807 prolecto
971 3748 1068 3790 nemo
1103 3729 1246 3810 prudens
1281 3728 1487 3790 arbitrabitur

191 3843 373 3916 utrumque,
409 3842 442 3894 et
471 3833 723 3915 Xenophontem
754 3837 807 3899 vel
830 3838 898 3900 eius
922 3839 1171 3919 epitomatorem
1195 3849 1228 3902 et
1252 3839 1409 3901 Iustinum
1433 3839 1485 3902 vel

190 3944 336 4024 Trogum
362 3943 552 4024 Pompeium
574 3946 626 4007 vel
649 3947 717 4008 eius
742 3945 875 4021 lontem,
900 3950 1092 4012 amnestiam
1114 3951 1264 4032 priorem,
1298 3969 1398 4030 quam
1421 3971 1484 4012 ma·

196 4053 272 4116 ioris
295 4053 452 4118 momenti
477 4051 574 4116 luisse
598 4053 737 4118 Grosser
759 4059 872 4120 statuit
887 4068 920 4121 et
934 4069 1077 4122 statuere
1099 4061 1208 4134 debet,
1226 4059 1383 4133 omisisse,
1410 4060 1484 4123 alte-

192 4181 272 4238 ram,
296 4182 396 4244 quam
412 4183 509 4226 nemo
532 4163 599 4228 lere
613 4177 743 4247 praeter
766 4189 822 4230 eos
846 4170 978 4251 dignam
994 4170 1151 4245 habuerit,
1178 4173 1269 4232 cuius
1286 4171 1485 4234 mentionem

189 4275 318 4347 laceret,
345 4275 463 4337 diserte
487 4278 673 4340 narravisse.
707 4277 766 4340 Sin
790 4278 941 4360 fingimus
965 4301 1013 4354 ea,
1038 4303 1121 4364 quae
1143 4282 1273 4362 Trogus
1296 4284 1482 4357 narraverit,

188 4405 206 4446 e
236 4383 457 4466 Xenophonte
487 4387 631 4450 derivata
660 4409 748 4462 esse,
785 4390 854 4451 sive
888 4391 958 4473 ipse
988 4391 1215 4474 Xenophontis
1245 4393 1402 4456 hellenica
1431 4414 1485 4456 ex-

186 4494 314 4581 scripsit
349 4496 417 4560 sive
445 4497 526 4561 eius,
547 4497 619 4562 lons
651 4519 670 4564 e
707 4500 926 4586 Xenophonte
963 4501 1079 4579 hausit,
1117 4503 1243 4584 iterum,
1275 4504 1301 4570 si
1337 4501 1484 4570 Grosseri
