3402 5172
827 306 945 393 57¹

189 520 387 582 quamquam
419 503 460 566 de
490 503 552 567 hae
581 505 755 568 historiola·
779 527 876 570 nemo
910 509 991 570 alius
1020 509 1201 590 quidquam
1235 511 1348 584 tradit,
1367 520 1489 590 atque,

188 631 266 674 num
290 631 366 674 vera
389 613 440 687 sit,
466 613 679 678 dubitandum
705 617 842 679 sortasse
865 617 935 680 esti

296 722 314 804 ξ
340 738 391 783 22.
439 723 584 786 Breviter
607 726 723 788 iterum
747 728 972 790 disserendum
995 730 1098 792 nobis
1120 738 1170 791 est
1193 730 1236 792 de
1258 731 1305 792 eis
1328 731 1489 813 scriptori·

187 832 257 904 bus,
282 832 323 894 de
347 833 464 913 quibus
487 835 519 896 in
550 836 657 916 capite
687 837 794 916 primo
825 838 972 917 pluribus
1004 839 1112 902 verbis
1142 841 1280 919 egimus,
1311 861 1395 922 quos
1425 841 1489 904 hoc

186 942 293 1004 adhuc
317 943 531 1023 negleximus.
556 944 722 1024 Nepotem
745 947 819 1010 dico
840 958 873 1010 et
887 948 1083 1019 Diodorum,
1109 968 1192 1029 quos
1210 947 1349 1013 Grosser
1373 951 1488 1014 eadem

186 1053 320 1126 ratione,
359 1072 424 1134 qua
459 1064 594 1128 ceteros
630 1056 662 1117 in
697 1077 792 1118 suum
828 1079 922 1122 usum
953 1059 1192 1138 interpretatur.
1241 1060 1351 1123 Etiam
1374 1059 1487 1142 Nepo's

186 1163 259 1225 loco
283 1183 381 1243 supra
401 1163 501 1227 allato
525 1185 621 1227 unam
646 1168 1108 1242 amnestiamcommemorat,
1136 1189 1235 1252 quam
1259 1167 1398 1232 Grosser
1420 1169 1487 1232 vult

185 1293 257 1336 esse
287 1275 430 1355 priorem
463 1295 566 1349 suam,
600 1278 689 1360 quod
720 1286 830 1341 tamen
860 1278 953 1340 nullis
975 1280 1176 1358 argumentis
1199 1281 1340 1362 probare
1363 1288 1483 1361 potest,

185 1386 399 1466 nequeenim
426 1386 536 1447 statim
551 1395 628 1465 post
659 1387 799 1449 reditum
820 1387 902 1450 haec
924 1389 1055 1452 decreta
1083 1409 1154 1452 esse
1182 1399 1336 1452 narratur.
1384 1391 1486 1452 Recte

185 1493 254 1575 ipse
275 1496 426 1557 concedit
449 1513 565 1574 pacem
589 1517 609 1558 a
631 1495 790 1559 Pausania
814 1497 1053 1562 reconciliatam
1077 1509 1110 1560 et
1133 1500 1328 1562 amnestiam
1343 1498 1482 1581 Thrasy·

184 1603 262 1666 bulo
294 1615 426 1668 auctore
460 1606 627 1668 decretam
656 1607 740 1668 inter
769 1628 805 1668 se
833 1608 1003 1690 oppositas
1035 1629 1115 1674 esse.
1172 1607 1239 1671 Sed
1267 1609 1292 1670 si
1322 1610 1484 1672 amnestia

184 1715 274 1795 pacis
316 1725 387 1777 erat
428 1717 587 1790 condicio,
622 1725 657 1778 ut
688 1715 757 1799 ipse
787 1717 893 1790 docet,
931 1726 964 1779 et
994 1719 1172 1782 arctissime
1194 1739 1270 1781 cum
1296 1737 1378 1800 pace
1400 1717 1485 1781 iacta

184 1825 356 1888 coniuncta
380 1833 458 1899 erat,
484 1847 550 1888 non
573 1827 693 1910 Nepoti
718 1828 836 1890 licebat
860 1828 923 1890 hoc
946 1827 1047 1890 modo
1071 1827 1130 1892 has
1145 1829 1225 1890 duas
1248 1848 1300 1890 res
1314 1833 1484 1910 secernere

184 1943 216 1995 et
239 1955 419 2017 opponere.
467 1933 524 1997 Sin
548 1957 656 1998 meam
680 1939 875 2000 sententiam
891 1940 1065 2022 sequimur,
1091 1938 1182 2002 facile
1199 1938 1405 2019 intellegitur,
1429 1955 1486 2001 cur

183 2045 341 2107 amnestia
366 2055 400 2107 ut
424 2066 474 2110 res
498 2046 594 2128 plane
619 2067 703 2110 nova
725 2068 832 2132 neque
855 2069 929 2111 cum
953 2069 1036 2131 pace
1059 2051 1231 2114 coniuncta
1248 2067 1484 2111 commemore-

182 2165 243 2217 tur.
294 2154 473 2236 Quomodo
488 2156 613 2218 Eleusis
638 2169 829 2240 recuperata
852 2159 903 2232 sit,
921 2169 1085 2222 narratum
1110 2169 1250 2231 nonest,
1276 2149 1335 2220 sed
1351 2177 1392 2220 eo
1417 2176 1484 2220 non

182 2263 321 2328 efficitur
343 2278 420 2330 ante
443 2267 641 2330 amnestiam.
660 2268 826 2329 decretam
850 2287 922 2330 eam
947 2287 1012 2331 non
1036 2289 1108 2330 esse
1131 2277 1366 2350 recuperatam.
1395 2265 1479 2328 Con·

185 2375 268 2438 ieras
291 2395 339 2454 ea,
364 2395 447 2456 quae
470 2397 567 2460 supra
590 2377 619 2460 (ᾗ
645 2380 674 2461 5)
698 2377 821 2439 dehac
845 2398 879 2439 re
901 2379 1117 2440 disseruimus.
1424 2367 1427 2370 ¹

288 2485 464 2549 Addantur
495 2487 536 2548 ad
570 2485 652 2550 haec
687 2506 735 2560 ea,
764 2507 850 2570 quae
880 2487 957 2550 dicit
980 2487 1128 2550 Valerius
1159 2487 1323 2550 Maximus
1346 2487 1393 2550 IV
1421 2503 1480 2564 1‚4‚

183 2615 267 2680 quae
302 2616 377 2660 cum
411 2596 461 2658 his
495 2605 636 2677 cognata
672 2575 743 2658 esse
777 2597 942 2664 videntur:
983 2595 1243 2680 »Thrasybulus
1260 2611 1292 2664 ..⁴
1322 2596 1480 2679 populum

185 2707 422 2772 Atheniensem
437 2757 442 2769 .
459 2757 464 2768 .
481 2757 508 2774 ..
536 2708 567 2769 in
589 2707 728 2790 patriam
752 2707 889 2770 reduxit.
937 2707 1100 2788 Insignem
1129 2708 1247 2770 deinde
1277 2706 1481 2769 restitutione

181 2817 337 2882 libertatis
352 2819 521 2880 victoriam
537 2818 703 2881 clariorem
720 2818 887 2900 aliquanto
904 2819 1136 2881 moderationis
1154 2817 1250 2880 laude
1266 2816 1350 2879 lecit.
1375 2815 1480 2878 Plebis

129 2975 134 2983 .
180 2929 265 2992 enim
289 2930 406 2990 scitum
430 2928 631 3010 interposuit,
656 2947 784 3012 nequa
815 2930 1060 3008 praeteritarum
1089 2947 1196 2992 rerum
1220 2927 1343 2990 mentio
1373 2924 1473 2989 fieret.

180 3037 271 3102 Haec
302 3039 432 3112 oblivio,
464 3057 563 3120 quam
592 3037 812 3102 Athenienses
845 3035 1027 3122 ἀμνηστίαν
1059 3047 1193 3112 vocant,
1226 3055 1419 3100 concussum
1448 3045 1482 3098 et

178 3149 344 3212 labentem
373 3149 513 3211 civitatis
541 3157 663 3211 statum
696 3150 727 3211 in
757 3149 926 3233 pristinum
957 3149 1104 3212 habiturn
1135 3147 1331 3210 revocavit«.
1386 3144 1480 3226 Quae

178 3259 279 3322 verba
300 3259 436 3323 libenter
458 3261 605 3322 concedo
628 3278 693 3322 non
717 3257 854 3322 refutare
877 3256 1024 3322 Grosseri
1048 3259 1246 3341 opinionem,
1270 3276 1377 3340 neque
1400 3275 1479 3318 vero

178 3390 251 3432 eam
275 3369 378 3432 solam
402 3390 512 3432 veram
537 3389 609 3432 esse
633 3371 818 3442 ostendunt,
843 3370 1059 3450 nequeenim
1083 3389 1125 3431 ex
1149 3369 1195 3430 eis
1218 3375 1356 3450 apparet
1378 3364 1479 3427 Thra-

177 3479 337 3560 sybulum,
362 3481 557 3563 simulatque
579 3481 735 3561 populum
760 3479 791 3540 in
814 3480 952 3561 patriam
970 3480 1163 3550 reduxisset,
1189 3476 1382 3541 amnestiam
1405 3493 1478 3556 pro·

179 3589 389 3670 mulgandam
414 3590 586 3656 curavisse.
641 3590 729 3651 Bene
759 3589 959 3672 aliquantum
989 3589 1146 3670 temporis
1174 3586 1378 3648 interiectum
1406 3603 1478 3646 esse

178 3709 298 3778 potest,
316 3699 407 3784 quod
424 3696 562 3762 sortasse
578 3699 727 3762 Valerius
744 3698 812 3780 ipse
836 3697 993 3778 particula
1019 3697 1182 3760 ›deinde‹
1202 3695 1342 3757 indicare
1367 3693 1478 3759 voluit.

284 3803 468 3871 Diodorum
491 3811 631 3892 denique
655 3808 728 3870 loco
751 3827 849 3888 supra
874 3810 908 3889 (ξ
932 3809 964 3890 3)
988 3808 1085 3870 allato
1109 3804 1248 3868 Grosser
1272 3823 1303 3883 p.
1322 3805 1364 3882 38
1389 3803 1476 3877 dicit,

177 3917 252 3998 quia
276 3916 396 3978 bellum
420 3915 620 3978 Eleusinium
643 3937 708 3978 non
733 3925 849 3990 narret,
884 3918 1080 3980 amnestiam
1111 3916 1283 3998 repetitam
1315 3914 1475 3988 omittere,

177 4025 235 4088 sed
259 4025 300 4087 de
315 4027 473 4088 amnestia
498 4027 632 4088 omnino
659 4025 736 4088 nihil
759 4027 845 4092 dicit.
893 4027 1010 4090 Verbis
1037 4026 1141 4088 allatis
1164 4033 1282 4098 narrat,
1308 4023 1478 4106 quomodo

160 4125 348 4219 ¹paxinter
372 4135 499 4198 exsules
523 4145 556 4198 et
579 4136 720 4198 urbanos
743 4134 828 4198 lacta
843 4137 894 4210 sit,
919 4137 976 4199 sed
1000 4155 1075 4198 cum
1098 4137 1161 4198 hac
1184 4154 1266 4216 pace
1283 4133 1477 4198 amnestiam

176 4247 384 4310 coniunctam
399 4245 496 4310 luisse
515 4267 580 4309 non
596 4246 761 4326 intellego,
787 4247 873 4308 unde
889 4247 1056 4326 collegerit
1071 4247 1117 4308 vir
1133 4243 1351 4308 doctissimus.
1391 4242 1476 4307 ,Nar-

176 4368 226 4420 rat
248 4356 424 4428 Diodorus,
450 4362 606 4439 utsupra
630 4359 665 4440 (ξ
690 4357 722 4438 3)
746 4356 1052 4428 demonstravimus,
1082 4373 1198 4437 pacem
1223 4353 1381 4414 Pausania
1402 4371 1476 4414 auc·

177 4477 248 4538 tore
282 4466 518 4548 compositam,
556 4466 801 4544 expeditionem
842 4476 952 4527 autern
986 4466 1182 4528 Eleusiniam
1216 4472 1249 4524 et
1285 4461 1477 4524 amnestiam
