3402 5172
823 291 865 367 42'

306 493 434 566 Eodem
457 512 567 566 autem
590 501 691 564 modo
714 511 812 583 atque
834 501 897 564 hoc
919 501 993 563 loco
1010 499 1149 560 lustinus
1173 499 1284 580 paucis
1308 498 1398 560 lineis
1422 505 1506 580 post

199 612 336 676 verbum
366 612 513 676 »iuberer
540 611 620 674 salso
635 611 777 684 adhibet,
802 631 875 674 cum
901 609 995 676 dicit:
1024 607 1192 690 »populus
1218 628 1316 690 quern
1340 610 1505 688 emigrare

201 724 367 796 iusserant,
392 724 423 786 in
448 723 561 786 urbem
585 731 787 794 revocatur«,
813 739 888 782 narn
913 719 1003 782 verbi
1020 717 1177 779 iusserant
1192 719 1384 794 subiectum,
1407 717 1505 798 quod

200 841 352 905 vocatur,
379 853 444 896 non
473 831 679 912 intellegendi
710 840 785 894 sunt
807 830 951 912 tyranni,
983 828 1137 909 quoniam
1162 828 1207 900 ei,
1239 829 1301 908 qui
1326 830 1370 890 ab
1392 828 1442 890 his
1465 829 1502 888 in

200 943 348 1006 exsilium
371 943 460 1004 missi
484 952 591 1014 erant,
627 941 690 1003 iam
714 948 923 1012 reverterant,
956 940 996 1003 de
1025 939 1071 1002 eis
1095 947 1226 1011 autem,
1247 939 1302 1019 qui
1325 948 1504 1018 tyrrannos

200 1053 352 1116 Eleusina
373 1055 486 1116 statim
507 1051 610 1114 secuti
634 1061 739 1123 erant,
771 1051 895 1114 etiamsi
922 1047 1059 1114 Grosser
1090 1050 1130 1113 de
1154 1049 1273 1129 Lysiae
1302 1049 1409 1110 verbis
1434 1049 1503 1110 lau-

202 1163 285 1226 datis
310 1172 396 1226 recte
428 1163 673 1245 disputavisset,
706 1181 771 1223 non
801 1159 914 1226 melius
939 1162 1118 1241 cogitatur,
1143 1161 1219 1241 quia
1241 1160 1273 1220 hi
1296 1180 1360 1221 non
1384 1179 1502 1222 eorum

200 1274 287 1336 iussu
311 1275 370 1336 sed
394 1293 452 1336 sua
473 1283 592 1355 sponte
614 1291 671 1334 eos
693 1271 796 1332 secuti
819 1281 919 1333 erant.
968 1271 1046 1332 Mihi
1070 1271 1201 1352 quidem
1226 1271 1502 1364 simplicissimum

199 1385 326 1446 videtur
355 1384 445 1446 verbi
473 1385 668 1446 ›iusserant‹
705 1381 888 1443 subiectum
921 1380 1107 1462 intellegere
1132 1401 1204 1455 eos,
1234 1382 1394 1463 aquibus
1422 1399 1500 1461 »po

203 1493 298 1576 pulus
327 1503 528 1566 revocatum,
554 1502 587 1555 et
618 1501 760 1554 statuere
793 1491 1046 1572 lustinumhoc
1076 1492 1148 1554 loco
1184 1493 1323 1556 eundem
1357 1510 1501 1553 errorem

200 1603 378 1679 admisisse,
403 1624 501 1684 quem
529 1622 636 1682 supra,
661 1612 695 1664 et
716 1601 874 1684 populum
898 1601 961 1665 hoc
985 1602 1057 1664 loco
1081 1603 1237 1664 nominari
1261 1622 1319 1664 eos
1343 1602 1498 1674 urbanos,

201 1714 255 1798 qui
279 1712 331 1776 illa
355 1715 445 1793 pacis
466 1713 659 1776 condicione
683 1712 732 1774 usi
754 1711 907 1774 Eleusina
931 1714 1162 1794 migraverant,
1198 1733 1336 1794 quorum
1359 1712 1502 1773 lustinus

200 1801 331 1906 praeter
354 1824 555 1887 decemviros
578 1825 718 1885 urbanos
734 1823 896 1885 neminem
912 1824 1189 1896 commemoravit,
1217 1825 1270 1904 qui
1295 1823 1360 1886 sere
1385 1841 1501 1884 omnes

200 1944 277 1997 tunc
300 1934 439 1997 ducibus
462 1933 636 1997 interiectis
662 1934 693 1995 in
717 1934 831 1996 urbem
855 1933 1028 1999 redierunt.

307 2044 325 2128 ὅ
353 2057 400 2124 15.
437 2044 555 2107 Narrat
570 2044 688 2107 deinde
703 2043 889 2126 Xenophon
905 2045 1101 2106 Pausaniam
1125 2045 1304 2106 exercitum
1329 2044 1499 2110 dimisisse.

202 2154 330 2218 exsules
354 2155 466 2217 urbem
490 2155 657 2217 intravisse
681 2165 715 2217 et
736 2157 767 2218 in
790 2176 897 2219 arcem
914 2157 1108 2228 ascendisse,
1133 2164 1309 2236 postquam
1333 2155 1406 2216 iude
1431 2155 1500 2218 des·

201 2265 386 2328 cendissent
409 2245 650 2346 Thrasybulum
683 2268 863 2329 orationem
887 2267 1058 2339 habuisse,
1088 2266 1179 2347 quod
1202 2266 1233 2327 in
1258 2266 1409 2328 contione
1433 2286 1501 2326 om·

202 2377 290 2440 nium
313 2375 430 2438 civium
456 2375 576 2438 facturn
601 2396 671 2438 esse
696 2386 729 2438 et
752 2378 855 2440 oratio
879 2378 949 2459 ipsa
965 2378 1108 2439 ostendit
1131 2387 1165 2440 et
1187 2379 1294 2447 verba,
1321 2396 1404 2456 quae
1428 2397 1500 2437 eam

201 2495 396 2568 sequuntur:
436 2482 609 2570 »ἀνέστησε
632 2485 694 2570 τὴν
717 2485 920 2570 ἐκκλησίαν«.
966 2487 1037 2548 Hac
1065 2488 1217 2550 contione
1242 2485 1379 2548 Grosser
1401 2508 1433 2568 p.
1463 2503 1497 2565 13

203 2597 302 2659 docet
335 2596 526 2658 amnestiam
563 2596 728 2660 decretam
760 2605 793 2658 et
824 2598 968 2658 omnium
1004 2599 1208 2660 iureiurando
1243 2607 1390 2659 sanctam
1419 2617 1499 2662 esse.

203 2706 270 2770 Sed
293 2706 356 2768 hoc
381 2708 449 2788 ipse
473 2716 677 2770 commentus
693 2716 752 2780 est,
778 2728 851 2769 cum
868 2727 973 2789 neque
988 2707 1174 2790 Xenophon
1200 2729 1305 2790 neque
1329 2708 1499 2787 quisquam

207 2817 286 2879 alius
301 2817 373 2880 talis
390 2819 648 2882 reimentionem
665 2817 769 2883 faciat.
806 2818 898 2880 Haec
915 2839 1046 2900 quoque
1063 2820 1235 2881 arbitratur
1246 2818 1500 2900 Xenophontem

207 2929 404 3002 narravisse,
440 2929 690 3010 epitomatorem
724 2929 883 2996 omisisse.
939 2929 1043 2992 Huius
1076 2931 1238 3012 opinionis
1273 2939 1499 3008 argumentum

206 3039 267 3101 sibi
290 3038 415 3101 videtur
438 3039 597 3100 invenisse
622 3039 653 3100 in
677 3060 726 3114 eo,
752 3042 842 3122 quod
861 3041 1085 3121 Thrasybulus
1110 3043 1127 3125 ᾗ
1151 3058 1192 3118 42
1218 3041 1325 3103 verbis
1347 3041 1411 3101 iam
1431 3039 1499 3102 alla-

206 3153 249 3210 tis
272 3149 472 3211 iurisiurandi
497 3150 563 3210 dati
586 3169 663 3212 suos
697 3151 978 3218 commonefaciat.
1025 3151 1092 3215 Sed
1115 3154 1178 3214 iam
1210 3152 1499 3214 demonstravimus

207 3260 239 3341 (ξ
267 3261 316 3343 14)
345 3259 425 3322 haec
456 3262 559 3323 verba
586 3259 800 3342 intellegenda
831 3283 901 3324 esse
929 3262 970 3324 de
1003 3263 1205 3324 iureiurando
1237 3272 1312 3325 ante
1347 3267 1496 3325 exsulum

206 3371 344 3434 reditum
367 3372 453 3434 dato.
501 3369 728 3453 Xenophontis
759 3380 868 3435 autem
900 3373 1004 3435 oratio
1035 3373 1098 3435 iarn
1130 3374 1249 3435 idcirco
1290 3383 1439 3455 correpta
1473 3373 1498 3434 ei

207 3483 349 3555 videtur,
388 3482 477 3563 quod
508 3483 616 3544 contio
643 3493 825 3546 convocata
854 3504 925 3546 esse
956 3505 1020 3545 non
1045 3485 1162 3546 diserte
1187 3484 1322 3557 dicatur,
1341 3484 1399 3546 sed
1425 3503 1496 3544 con·

207 3603 356 3657 vocatam
386 3613 459 3655 eam
493 3613 564 3655 esse
595 3614 612 3655 e
646 3613 794 3656 connexu
826 3595 1057 3656 sententiarum
1087 3595 1166 3656 satis
1198 3595 1302 3657 elucet
1333 3605 1365 3658 et
1396 3593 1497 3656 Xeno·

207 3703 364 3785 phontem
380 3702 497 3784 ipsum,
514 3724 612 3785 quem
629 3724 694 3766 non
709 3704 916 3766 breviter-res
934 3706 1110 3767 narravisse
1130 3726 1195 3768 non
1219 3715 1356 3778 constat,
1382 3706 1497 3768 diserte

206 3813 270 3876 hoc
293 3815 413 3876 dixisse
434 3834 453 3875 e
469 3834 619 3877 connexu
636 3816 868 3878 sententiarum
885 3837 945 3898 pro
962 3825 1052 3877 certo
1068 3817 1281 3878 demonstrari
1299 3836 1363 3877 non
1375 3825 1494 3898 potest,

208 3945 283 3986 nam
306 3923 487 3988 sufficiebat
510 3945 652 3988 narrare:
677 3927 719 3989 ab
743 3947 816 3988 arce
837 3927 1082 4000 descenderunt,
1107 3927 1226 3990 scilicet
1248 3928 1280 3988 in
1304 3927 1421 4006 Pycna,
1447 3926 1496 3987 ubi

207 4053 339 4116 semper
360 4036 529 4098 contiones
545 4047 635 4098 erant
659 4046 691 4099 et
713 4039 876 4100 orationes
898 4037 1111 4111 habebantur,
1138 4048 1170 4100 et
1191 4049 1261 4100 tum
1278 4036 1496 4117 Thrasybulus

208 4143 303 4206 hanc·
322 4145 452 4208 habuit¹
472 4147 663 4211 orationem.
711 4149 785 4228 Qua
814 4150 856 4211 de
890 4169 988 4211 causa
1020 4170 1093 4211 cum
1128 4150 1287 4210 sententia
1322 4149 1363 4209 sit
1397 4147 1494 4228 plena,

208 4275 407 4337 quamquam
430 4257 613 4318 breviorem
637 4276 710 4318 eam
734 4278 805 4320 esse
829 4261 939 4340 negari
963 4279 1028 4321 non
1050 4268 1176 4341 potest,
1206 4269 1316 4321 tamen
1341 4258 1495 4320 enunciati

208 4366 308 4429 verba
330 4366 415 4448 ipsa,
448 4387 531 4448 quae
555 4367 613 4429 nisi
638 4367 746 4430 verbis
773 4366 823 4433 »ol
847 4370 1039 4452 orpurnyoi«
1067 4370 1180 4432 deletis
1204 4370 1288 4432 sicut
1311 4369 1411 4431 modo
1434 4388 1495 4430 sen-

207 4478 342 4547 tentiam
367 4479 514 4564 exposui,
540 4479 690 4562 explicari
714 4501 779 4542 non
803 4489 950 4562 possunt,
987 4479 1135 4542 lacunam
1160 4481 1317 4554 indicant,
1348 4479 1380 4540 id
1414 4478 1495 4560 quod
