3402 5172
801 316 836 375 81

726 406 936 414 Ἢ

165 547 263 600 nam,
289 537 466 612 postquam
490 549 604 593 omnes
628 529 714 592 cives
737 531 922 596 iuraverunt
944 529 1089 593 omnium
1108 549 1213 591 rerum
1231 537 1306 591 ante
1328 536 1473 608 actarum
1507 543 1509 548 '

169 637 374 702 oblivionem
399 639 476 712 lore,
504 659 567 702 non
599 639 704 704 'solum
738 641 943 703 interdictum
974 649 1052 710 erat,
1085 645 1124 702 he
1159 639 1229 720 quis
1257 645 1369 703 earum
1401 655 1476 700 'reus

169 748 280 812 factus
303 750 334 812 in
358 750 510 819 iudicium
540 759 710 814 vocaretur
742 771 824 814 neve
857 751 1073 823 damnaretur,
1107 750 1164 814 sed
1199 751 1306 818 etiam.
1337 770 1377 812 ne
1408 751 1480 832 quis

169 861 220 924 ob
252 871 306 923 eas
333 860 374 924 ab
409 861 473 924 nllo
506 861 575 924 iure
606 859 689 924 civili
720 858 954 925 excluderetur.
1008 859 1176 924 Praeterea
1211 869 1319 930 autern
1360 881 1378 922 c
1408 869 1477 923 tota

171 972 327 1034 oratione
349 979 486 1053 apparet
515 971 599 1035 hunc
630 972 735 1034 civem
767 977 929 1032 certorum
964 970 1132 1034 criminum
1166 979 1315 1052 argutum
1345 971 1478 1034 omnino

172 1102 244 1144 non
268 1103 349 1156 esse,
374 1083 431 1145 sed
455 1082 519 1146 hoc
551 1103 649 1145 unum
682 1080 805 1144 crimini
832 1079 861 1142 ei
892 1079 1005 1142 datum
1038 1101 1117 1158 esse,
1146 1081 1236 1164 quod
1266 1089 1477 1162 tyrannorum

172 1204 329 1275 tempore
350 1193 382 1254 in
405 1193 485 1257 urbe
508 1202 716 1266 remanserat,
753 1211 836 1273 quae
860 1191 885 1254 si
908 1211 1007 1254 causa
1029 1212 1101 1254 esse
1124 1199 1273 1273 poterat,
1310 1191 1354 1255 ob
1378 1212 1477 1273 quam

176 1325 315 1368 munere
339 1300 456 1385 dignus
480 1325 545 1366 nou
566 1304 750 1376 haberetur,
776 1322 889 1387 omnes
915 1303 1027 1370 urbani
1052 1301 1116 1371 hoc
1147 1304 1215 1365 iure
1247 1303 1364 1384 privari
1389 1311 1479 1386 pote·

176 1424 253 1477 rant
275 1425 308 1479 et
331 1415 488 1478 amnestia
503 1434 607 1496 prope
623 1416 749 1478 inversa
773 1421 849 1478 erat.
897 1411 1060 1494 Quamdiu
1077 1414 1164 1483 cives
1180 1414 1360 1476 amnestiae
1386 1414 1479 1476 iusiu-

176 1513 317 1588 randum
340 1525 522 1598 servabant,
541 1545 581 1588 ne
603 1527 635 1587 id
652 1525 783 1606 quidem
806 1525 926 1588 iustum
944 1533 1020 1596 erat,
1039 1525 1128 1605 quod
1152 1525 1183 1586 in
1202 1527 1222 1605 ἓ
1239 1540 1281 1603 34
1304 1545 1351 1606 sq.
1371 1533 1480 1590 orator

177 1638 251 1718 ipse
274 1635 432 1698 iudicibus
448 1636 608 1714 concedit,
624 1657 698 1698 cum
714 1635 794 1700 dicit
815 1655 873 1698 sua
895 1635 1055 1698 sententia
1070 1636 1190 1700 iustum
1215 1655 1287 1698 esse
1308 1635 1340 1697 in
1366 1655 1480 1700 omnes

177 1748 269 1810 cives
290 1747 467 1815 amnestiae
491 1747 700 1810 condiciones
722 1746 850 1818 servari,
876 1753 1019 1808 attamen
1042 1767 1077 1808 se
1101 1755 1235 1828 propter
1260 1721 1479 1812 multas-inid-

179 1857 243 1921 rias
267 1857 432 1921 exsulibus
456 1856 559 1920 illatas
581 1857 707 1920 veniam
733 1858 819 1930 dare,
844 1857 870 1918 si
894 1856 1051 1918 malorum
1076 1855 1143 1919 veri
1166 1867 1317 1920 auctores
1340 1856 1477 1937 punian-

178 1978 240 2041 tur,
265 1967 333 2041 sed,
357 1976 392 2029 ut
413 1969 615 2051 omnesqui
638 1970 669 2031 in
699 1968 789 2031 urbe
809 1964 1028 2040 remanserint,
1059 1987 1164 2048 aeque
1194 1967 1378 2048 puniantur,
1412 1985 1478 2028 non

169 2077 283 2142 licere.
340 2078 445 2140 Immo
474 2099 514 2141 ne
546 2079 577 2140 id
610 2079 741 2160 quidem
769 2078 897 2156 licebat,
924 2087 959 2140 ut
989 2076 1236 2141 nocentissimus
1268 2077 1415 2148 omnium
1450 2077 1481 2138 in

181 2189 334 2253 iudicium
358 2199 528 2252 vocaretur
552 2198 585 2250 et
606 2189 781 2272 puniretur,
806 2207 942 2270 eamque
958 2189 1003 2250 ob
1019 2207 1086 2256 rem
1103 2207 1201 2268 quarn
1218 2187 1360 2249 maxime
1379 2187 1480 2250 deste-

181 2299 271 2362 tandi
307 2308 381 2362 sunt
416 2298 649 2379 sycophantae,
683 2299 736 2381 qui
760 2298 928 2362 calumniis
963 2298 1155 2362 amnestiam
1190 2297 1310 2359 irritam
1344 2298 1480 2364 reddere

180 2409 391 2479 conabantur,
417 2417 449 2471 et
472 2409 704 2490 improbandus
728 2409 826 2473 etiarn
849 2407 901 2470 hic
924 2407 1003 2470 civis
1020 2409 1098 2490 ipsc,
1125 2408 1214 2489 quod
1236 2407 1296 2469 sibi
1320 2409 1390 2482 soli,
1416 2429 1481 2474 non

183 2520 335 2583 omnibus
366 2539 443 2582 suae
477 2520 578 2598 partis
607 2519 729 2582 civibus
761 2519 940 2582 amnestiae
978 2517 1174 2586 beneficium
1205 2518 1354 2582 vindieat.
1413 2518 1480 2582 Sed

182 2651 247 2693 non
271 2629 377 2692 solum
400 2650 531 2711 sperare
563 2630 656 2693 nobis
687 2630 760 2692 licet
788 2628 962 2710 populares
991 2628 1066 2690 huic
1099 2629 1158 2691 civi
1194 2629 1320 2691 veniam
1353 2629 1481 2692 dedisse

183 2751 215 2804 et
236 2741 280 2803 ita
303 2740 462 2822 suffragiis
485 2740 555 2802 latis
572 2740 763 2802 amnestiam
787 2759 851 2801 non
868 2739 1010 2812 laesisse,
1028 2739 1086 2800 sed
1109 2719 1207 2800 etiarn
1225 2738 1345 2802 scimus
1361 2738 1480 2801 multos

183 2852 282 2913 etiam
306 2871 427 2923 eorum,
454 2851 508 2930 qui
531 2852 592 2914 sub
615 2850 823 2931 trigintaviris
839 2848 1025 2912 muneribus
1049 2848 1147 2912 suncti
1172 2856 1209 2910 et·
1223 2868 1338 2912 eorum
1361 2847 1478 2910 facino-

182 2981 260 3023 rum,
277 2961 450 3044 participes
473 2960 547 3024 lacti
571 2970 671 3036 erant,
696 2959 859 3041 republica
876 2961 1025 3022 restituta
1050 2960 1211 3022 maximos
1231 2959 1373 3022 honores
1397 2979 1479 3022 asse-

182 3081 274 3133 cutos
299 3091 377 3142 esse,
402 3080 436 3132 ut
459 3080 594 3134 testatur
617 3071 731 3154 Lysias
754 3070 830 3132 XVI
846 3072 883 3142 Β,
907 3069 1015 3132 XXVI
1044 3086 1080 3150 17
1106 3079 1139 3140 et
1163 3086 1215 3134 20.

288 3181 412 3259 Accepi
434 3180 483 3242 his
507 3182 620 3244 diebus
650 3180 864 3260 Frohbergeri
898 3201 943 3245 or.
973 3179 1027 3242 sel.
1060 3181 1136 3261 lays,
1167 3179 1317 3243 editionis
1349 3181 1478 3242 maioris

182 3298 307 3352 tomum
331 3291 471 3369 primum
494 3291 610 3354 iterum
634 3314 653 3353 a
684 3290 855 3354 Gebauero
879 3310 982 3369 nuper
1012 3291 1145 3364 editum,
1171 3308 1270 3372 quam
1302 3291 1477 3356 editionem

182 3399 258 3461 mihi
279 3398 398 3462 sufficit
421 3400 483 3463 hoc
507 3401 579 3462 loco
602 3401 791 3474 laudavisse,
817 3419 892 3462 narn
915 3420 1037 3473 eorum,
1063 3419 1148 3482 quae
1171 3401 1233 3464 hac
1249 3399 1476 3464 dissertatione

183 3509 354 3588 disputavi,
380 3511 455 3573 nihil
478 3522 616 3593 propter
635 3533 708 3574 earn
731 3511 921 3573 mutandum
946 3519 1003 3583 est,
1029 3511 1103 3593 quia
1134 3509 1294 3584 Gebauer,
1329 3511 1477 3592 quamvis

181 3620 222 3682 sit
264 3619 399 3701 diligens
444 3621 474 3682 in
514 3621 756 3702 quaestionibus
795 3621 1030 3700 grammaticis,
1078 3621 1109 3682 in
1153 3620 1312 3685 historicis
1359 3639 1473 3682 omnes

182 3731 208 3794 F
210 3730 399 3809 robbergeri
423 3731 597 3794 sententias
619 3740 686 3793 tam
702 3732 900 3793 verbotenus
915 3731 1053 3804 retinuit,
1080 3741 1170 3796 utne
1188 3750 1328 3795 errorem
1345 3730 1476 3811 quidem

181 3843 202 3920 ξ
227 3853 265 3918 25
292 3859 323 3918 p.
348 3841 388 3918 63
414 3861 433 3902 a
457 3842 550 3903 nobis
575 3850 721 3904 notatum
749 3842 932 3904 correxerit.

288 3949 305 4032 ἓ
330 3966 380 4029 29.
420 3950 563 4013 ¹Archini
585 3950 701 4031 legem,
727 3951 862 4030 quaein
887 3952 1036 4033 proxima
1062 3952 1268 4034 paragrapho
1295 3953 1359 4015 iarn
1390 3971 1475 4015 com·

182 4062 392 4123 memoranda
417 4071 494 4134 erat,
520 4063 746 4142 cognoscimus
763 4062 911 4126 Isocratis
934 4063 1080 4125 oratione
1096 4061 1368 4136 duodevicesima,
1394 4083 1477 4144 quae

184 4171 404 4255 »παραγραφὴ
425 4171 509 4256 πρὸς
531 4173 758 4255 Καλλίμαχον(
786 4173 938 4254 inscripta
956 4182 1013 4245 est,
1032 4173 1122 4234 cuius
1137 4172 1475 4254 paragraphisprimis

181 4279 262 4342 haec
286 4280 338 4342 lex
360 4279 505 4344 Archino
529 4293 661 4345 auctore
684 4283 757 4352 lata.
784 4304 848 4365 qua
865 4285 1086 4346 accusationes
1103 4283 1259 4346 adversus
1283 4283 1474 4348 amnestiam

180 4391 344 4453 institutae
369 4391 606 4473 repellerentur,
632 4395 814 4476 exponitur.
848 4393 1073 4466 Athenienses,
1099 4413 1173 4456 cum
1190 4391 1359 4454 nonnullos
1381 4413 1471 4456 accu-

181 4502 363 4565 sationibus
387 4504 578 4566 amnestiam
601 4504 727 4569 laedere
751 4506 859 4574 conari
883 4505 1048 4584 vidissent,
1075 4511 1110 4569 ut
1143 4502 1203 4565 hos
1235 4503 1383 4566 homines
1407 4523 1476 4586 pro·

293 4630 413 4688 Ltibbert,
434 4629 465 4677 de
488 4631 616 4685 amnestia.
1266 4630 1282 4692 β
