3402 5172
822 286 860 348 16

730 377 941 387 -u-——————-

183 504 216 557 et
251 495 456 560 iureiurando
490 507 638 561 sanctam
672 519 754 565 esse.
810 501 902 562 Hanc
926 509 1035 564 autem
1065 510 1142 582 post
1172 502 1322 564 Eleusina
1352 523 1481 586 recupe-

182 615 295 678 ratam,
337 626 411 669 cum
441 628 554 670 onmes
588 608 745 671 sactiones
778 610 808 672 in
838 631 936 672 unam
966 611 1130 674 civitatem
1171 613 1329 676 redissent
1365 623 1398 675 et
1429 635 1481 695 pa·

182 735 252 778 cem
282 717 366 778 inter
397 737 430 779 se
463 718 685 791 restituissent,
723 719 886 782 decretam
917 741 987 783 esse
1012 721 1151 784 lustinus
1175 742 1306 803 quoque
1330 725 1435 787 docet.
1501 763 1503 769 ι

289 827 306 910 §
332 840 357 904 5.
405 828 519 888 Restat
541 829 678 911 scriptor
700 829 834 892 Latinus
858 830 888 891 in
919 831 1063 913 plurimis
1084 833 1180 893 rebus
1204 851 1323 915 parvae
1347 833 1479 894 auctori-

182 936 268 1006 tatis,
293 930 438 998 attamen
464 958 527 1000 non
553 939 753 1022 spernendae
783 941 962 1013 innostra,
994 940 1217 1004 Cornelius
1240 943 1393 1025 Nepos,
1426 943 1480 1027 qui

181 1045 212 1106 in
253 1045 316 1107 vita
351 1047 545 1128 Thrasybuli
579 1069 649 1132 cap.
687 1058 835 1128 3narrat
858 1050 975 1112 haece:
1003 1050 1051 1111 »Is
1068 1041 1267 1140 (Pausanias)
1285 1052 1366 1114 inter
1382 1051 1480 1114 Thra·

180 1156 331 1237 sybulum
355 1166 389 1219 et
410 1178 476 1230 eos,
501 1159 554 1242 qui
579 1159 877 1246 urbemteuebant,
911 1159 985 1222 lecit
1007 1181 1121 1250 pacem
1144 1158 1193 1222 his
1215 1162 1478 1228 condicionibus:

180 1286 220 1329 ne
243 1267 297 1351 qui
320 1276 448 1350 praeter
471 1268 601 1348 triginta
622 1279 779 1350 tyrannos
802 1280 834 1331 et
858 1270 981 1342 decem,
1006 1271 1059 1352 qui
1085 1280 1199 1354 postea
1223 1282 1390 1354 praetores
1414 1293 1479 1335 cre·

182 1377 225 1439 ati
259 1378 432 1460 superioris
465 1398 554 1440 more
585 1379 782 1441 crudelitatis
811 1389 901 1442 erant
930 1381 995 1454 usi,
1021 1379 1223 1443 allicerentur
1245 1382 1374 1454 exsilio,
1398 1403 1479 1444 neve

179 1487 267 1551 bona
289 1489 535 1571 publicarentur,
560 1491 603 1550 rei
627 1489 774 1572 publicae
799 1490 982 1573 procuratio
999 1491 1121 1574 populo
1138 1492 1333 1554 redderetur.
1385 1494 1479 1556 Prae-

179 1597 301 1659 clarum
317 1597 380 1660 hoc
405 1619 535 1679 quoque
551 1599 754 1681 Thrasybuli,
778 1603 867 1685 quod
885 1600 1089 1662 reconciliata
1104 1622 1193 1684 pace,
1218 1603 1480 1685 cumplurimum

179 1708 210 1768 in
234 1708 362 1770 civitate
395 1719 514 1792 posset,
538 1711 643 1791 legem
668 1711 748 1784 tulit,
774 1733 813 1774 ne
838 1713 910 1794 quis
933 1721 1007 1774 ante
1036 1721 1183 1774 actarum
1213 1733 1321 1775 rerum
1350 1734 1477 1776 accusa·

179 1826 266 1880 retur
288 1839 369 1880 neve
394 1821 593 1897 multaretur,
619 1841 757 1904 eamque
782 1821 822 1882 illi
846 1821 1017 1883 oblivionis
1040 1821 1270 1905 appellarunt«

284 1930 335 1990 Eo
358 1939 485 1991 tantum
507 1931 619 2013 Nepos
643 1953 661 1993 a
685 1931 903 2014 Xenophonte
926 1931 1083 2003 dissentit,
1115 1933 1203 2015 quod
1229 1952 1248 1993 a
1273 1933 1361 2014 pacis
1383 1933 1478 1995 bene-

177 2037 250 2101 ficio
276 2039 424 2101 exclusos
456 2050 583 2123 praeter
610 2041 827 2122 trigintaviros
857 2061 962 2123 neque
988 2041 1225 2102 undecimviros
1254 2042 1344 2104 aflert
1374 2063 1478 2125 neque

178 2148 379 2211 decemviros
394 2150 592 2223 Piraeenses,
622 2153 679 2212 sed
696 2150 897 2214 decemviros
923 2152 1065 2213 urbanos
1089 2160 1163 2233 post
1179 2151 1397 2228 trigintaviros
1414 2173 1478 2213 cre-

177 2267 258 2329 atos
281 2279 365 2342 ¹quos
382 2259 531 2322 exclusos
555 2281 619 2322 non
633 2273 707 2323 'esse
723 2262 753 2322 iu
776 2261 925 2346 proxima
941 2260 1146 2343 paragrapho
1171 2258 1475 2322 demonstravimus.

128 2397 131 2400 ·
176 2367 384 2434 Manifestum
409 2379 459 2432 est
482 2369 567 2432 hunc
590 2371 725 2454 Nepotis
750 2391 892 2434 errorem
916 2371 1078 2432 diversum
1103 2389 1173 2432 esse
1197 2369 1343 2432 alustini
1368 2389 1476 2430 errore

177 2478 240 2540 iam
266 2489 446 2542 memorato
470 2499 576 2561 neque
599 2482 641 2542 ad
670 2482 807 2542 eandem
839 2500 971 2543 causam
1000 2480 1214 2546 referendum.
1262 2479 1382 2562 Nepos,
1413 2499 1479 2562 qua

176 2589 364 2671 saepissime
388 2599 437 2651 est
462 2590 676 2671 neglegentia,
709 2591 946 2653 undecimviros
969 2589 1112 2670 neglexit
1139 2599 1172 2651 et
1195 2611 1255 2673 pro
1286 2589 1478 2650 decemviris

177 2699 404 2762 Piraeensibus
427 2701 535 2784 posuit
557 2701 759 2764 decemviros
784 2701 933 2772 urbanos,
960 2701 1014 2784 qui
1037 2699 1097 2761 soli
1121 2701 1149 2762 ei
1174 2709 1264 2761 eraut
1286 2700 1368 2764 noti.

281 2809 382 2872 Simili
406 2831 513 2874 errore
537 2812 671 2875 fortasse
694 2811 814 2874 factum
839 2820 896 2883 est,
929 2819 963 2872 ut
988 2810 1203 2892 Harpocratio
1235 2818 1283 2877 et,
1316 2809 1370 2887 qui
1401 2827 1476 2868 eum

173 2930 358 3004 sequuntur,
384 2920 499 2983 Suidas
523 2933 554 2983 et
580 2921 713 2984 Photius
737 2941 761 2981 s.
788 2941 815 2980 v.
840 2918 972 2993 Μόλπις
995 2919 1116 2980 dicant:
1147 2914 1265 3001 »μετὰ
1288 2915 1365 2993 τοὺς
1388 2916 1476 3000 τριά-

173 3051 276 3094 κοντα
299 3030 375 3094 δέκα
399 3012 514 3114 r'iudpse
536 3025 635 3116 ἦρχον
656 3030 692 3094 ἓν
713 3033 763 3114 τῷ
785 3033 937 3112 Πειραιεῖ,
962 3019 1010 3091 ὧν
1032 3024 1078 3103 εἷς
1101 3023 1141 3113 ἦν
1164 3024 1182 3092 ὁ
1204 3027 1366 3105 Μόλπις,«
1400 3049 1475 3090 cum

174 3140 375 3204 decemviros
391 3142 581 3205 Piraeenses
605 3152 732 3204 constet
755 3140 850 3203 simul
866 3160 940 3202 cum
963 3141 1172 3220 trigintaviris
1188 3158 1320 3200 munere
1345 3138 1473 3201 iunctos

174 3269 254 3311 esse.
302 3252 367 3331 Qui
391 3273 477 3313 error
501 3272 573 3314 mea
590 3251 722 3334 quidem
745 3254 904 3315 sententia
921 3248 1169 3334 Harpocratioui
1187 3249 1246 3330 ipsi
1268 3248 1476 3332 imputandus

173 3368 223 3422 est
238 3379 344 3445 neque
359 3382 432 3424 cum
450 3362 619 3435 Kuestero,
638 3363 769 3435 Meier0,
788 3360 941 3424 Scheibio
957 3356 1038 3442 μετὰ
1054 3360 1247 3420 mutandum
1265 3367 1314 3421 est
1331 3359 1362 3420 in
1378 3360 1472 3424 κατά.

279 3473 408 3534 Diserte
434 3473 551 3534 deinde
573 3472 684 3553 Nepos
707 3472 792 3544 dicit,
819 3472 851 3532 id
883 3470 972 3554 quod
1006 3469 1092 3553 apud
1117 3467 1371 3550 Xenophontem
1402 3452 1474 3532 sub·

171 3583 369 3646 audiendum
386 3605 457 3646 esse
472 3602 568 3663 supra
585 3584 616 3664 (ξ
634 3586 664 3665 2)
687 3582 836 3654 diximus,
863 3583 950 3644 bona
975 3599 1098 3652 eorum,
1124 3579 1212 3662 quia
1230 3580 1334 3640 reditu
1352 3579 1472 3642 exclusi

172 3704 274 3765 erant,
299 3694 493 3776 publicanda
525 3693 631 3757 luisse.
680 3693 809 3758 Novum
833 3700 942 3753 autem
962 3691 1053 3773 apud
1081 3710 1156 3751 eum
1186 3690 1415 3769 cognoscimus
1443 3708 1473 3749 a·

172 3806 328 3866 mnestiae
351 3813 517 3866 auctorem
541 3802 781 3882 Thrasybulum
806 3802 914 3871 fuisse,
940 3802 1029 3883 quod
1047 3800 1227 3862 Aeschines
1243 3797 1392 3870 alfirmat,
1417 3799 1474 3881 qui

173 3914 200 3976 ll
228 3915 288 3993 176
312 3923 438 3997 praeter
460 3912 699 3993 Thrasybulum
723 3912 820 3974 etiam
837 3910 1018 3972 Archinum
1034 3910 1180 3971 nominat
1203 3910 1270 3970 eius
1295 3911 1471 3980 auctorem,

174 4033 206 4086 et
222 4024 370 4086 Valerius
389 4024 551 4086 Maximus
573 4022 619 4085 lV
646 4038 704 4098 1‚4.
759 4021 918 4082 Eleusinis
942 4030 1150 4102 recuperatae
1174 4020 1286 4102 Nepos
1310 4039 1374 4081 non
1399 4017 1475 4081 facit

173 4134 381 4205 mentionem,
407 4152 483 4194 nam
506 4133 605 4194 verba
633 4129 858 4192 »reconciliata
881 4149 980 4212 pace«
1009 4129 1121 4191 melius
1144 4129 1186 4190 ad
1203 4148 1317 4211 pacem
1335 4127 1473 4190 referun-

172 4252 232 4316 tur,
258 4263 356 4327 quam
381 4245 448 4326 ipse
472 4242 619 4313 narravit,
644 4262 743 4324 quam
767 4242 808 4303 ad
825 4242 963 4303 reditum
981 4251 1103 4312 eorum,
1128 4239 1182 4323 qui
1197 4239 1349 4301 Eleusina
1372 4259 1473 4300 seces-

172 4364 289 4416 serant.
337 4353 498 4416 Omittere
522 4361 630 4412 autem
646 4352 760 4432 potuit
777 4351 859 4444 hanc
884 4370 961 4421 rem,
988 4351 1064 4433 quia
1087 4348 1221 4410 alteram
1238 4359 1364 4429 partem
1380 4348 1472 4410 Eleu·

171 4465 240 4544 sine
264 4463 361 4542 [uisse
399 4463 531 4528 omnino
559 4482 624 4535 non
656 4461 804 4544 narravit,
837 4468 869 4524 et
898 4459 1017 4540 omisit,
1046 4451 1115 4528 'sive
1145 4460 1221 4549 quia
1250 4457 1473 4542 Thrasybulus
