3402 5172
819 363 837 422 8

723 452 935 460 ————-——-—-—

177 576 231 656 qui
256 593 355 656 saepe
379 571 408 638 ol
431 573 466 638 ἐν
490 577 635 658 Πειραιεῖ
655 574 705 637 vel
728 571 757 638 οἱ
780 572 817 638 ἐκ
841 570 1017 658 Πειραιέως
1041 580 1209 642 vocantur.
1233 571 1263 633 in
1299 571 1377 632 urbe
1408 569 1478 652 ipsa

176 675 348 748 decemviri
373 705 446 746 cum
470 686 524 758 εἰς,
556 686 610 768 qui
642 685 916 766 trigintavirorum
948 693 1058 766 partes
1088 683 1291 763 reliquerant,
1323 680 1476 742 Eleusine

176 795 312 875 tyranni,
338 796 394 876 qui
417 797 516 860 etiam
540 805 608 858 tum
633 792 662 859 ol
694 791 870 878 τριάκοντα
894 803 1061 866 vocantur,
1095 814 1127 855 re
1162 812 1241 854 vera
1270 801 1389 863 autem,
1423 789 1476 851 ubi

175 904 359 987 plurimum,
383 905 496 986 viginti
535 907 678 988 quinque
704 915 804 978 erant,
839 905 913 986 quia
942 905 1180 966 Theramenem
1212 903 1330 964 scimus
1362 900 1477 980 capitis

176 1015 366 1078 damnatum
391 1036 471 1088 esse,
497 1015 628 1078 Critiam
654 1027 687 1079 et
711 1015 977 1099 Hippomachum
1000 1034 1112 1096 pugna
1138 1010 1337 1084 interfectos,
1362 1011 1475 1072 Erato-

174 1125 330 1186 sthenem
351 1134 384 1186 et
407 1126 586 1187 Phidonem
604 1126 742 1188 Athenis
759 1137 828 1188 tum
855 1124 1055 1188 remansisse.
1104 1123 1234 1185 Interim
1265 1119 1413 1182 exsulum
1445 1120 1476 1180 in

175 1235 307 1296 Piraeeo
331 1235 538 1300 collectorum
563 1256 716 1298 numerus
742 1237 844 1317 magis
869 1235 1039 1315 magisque
1062 1244 1177 1295 auctus
1202 1240 1307 1294 estet
1334 1231 1475 1293 urbanos

175 1346 292 1428 pressit
316 1347 481 1428 (zo—27).
536 1345 610 1424 Qua
642 1345 682 1406 de
711 1366 809 1407 causa
838 1365 911 1406 cum
945 1353 977 1406 et
1007 1343 1198 1424 trigintaviri
1234 1351 1266 1404 et
1302 1341 1474 1404 decemuiri

174 1454 300 1535 legatos
337 1435 489 1537 Spartam
527 1456 696 1528 misissent,
731 1456 784 1536 qui
818 1453 971 1517 auxilium
1003 1464 1116 1514 contra
1151 1452 1279 1514 exsules
1315 1459 1473 1534 peterent,

175 1564 343 1645 Lysander
365 1565 479 1639 effecit,
505 1575 540 1627 ut
563 1566 632 1647 ipse
647 1566 830 1626 harmostes
855 1585 928 1626 cum
957 1565 1102 1646 pecunia,
1129 1583 1193 1644 qua
1218 1562 1334 1628 milites
1356 1581 1474 1622 merce·

175 1675 282 1736 narios
306 1675 510 1748 conduceret,
537 1684 570 1737 et
592 1676 695 1756 Libys
708 1675 804 1738 frater
823 1693 898 1736 cum
914 1674 1128 1756 quadraginta
1144 1671 1280 1734 navibus
1305 1670 1357 1752 (cf.
1376 1671 1472 1731 Diod.

174 1781 252 1846 XIV
288 1787 377 1866 33,5)
400 1785 518 1846 auxilio
543 1787 734 1848 mitteretur.
784 1784 847 1866 Qui
872 1805 951 1846 mox
975 1783 1103 1846 exsules
1139 1802 1241 1864 usque
1273 1802 1312 1843 eo
1336 1783 1474 1844 victores

173 1903 346 1974 tantopere
369 1895 400 1954 in
423 1897 590 1975 angustias
614 1895 829 1967 adduxerunt,
856 1903 891 1956 ut
915 1895 1020 1956 omnis
1044 1893 1153 1956 salutis
1186 1913 1261 1974 spes
1292 1892 1356 1953 iam
1387 1890 1472 1952 vide-

176 1985 263 2065 retur
286 2003 415 2065 sublata
438 2025 518 2076 esse,
537 2025 612 2066 cum
627 2005 669 2068 ab
695 2004 842 2067 hostibus
860 2005 938 2083 ipsis
954 2004 1040 2066 salus
1057 2005 1101 2065 eis
1119 2003 1230 2065 oblata
1254 2011 1310 2064 est.
1359 2001 1473 2062 Pausa·

175 2113 245 2175 nias
268 2113 355 2174 enim
379 2134 435 2174 rex
458 2113 627 2195 Lysandro
652 2116 799 2177 invidens
824 2134 898 2177 cum
922 2116 1064 2177 exercitu
1089 2115 1119 2174 in
1144 2114 1289 2174 Atticam
1308 2110 1473 2190 proiectus

175 2230 280 2285 estet
304 2223 370 2284 eius
395 2225 511 2286 merito
535 2225 784 2288 Atheniensium
809 2225 992 2304 respublica
1015 2226 1122 2285 denuo
1156 2233 1225 2284 tum
1250 2223 1393 2284 instituta
1425 2229 1474 2281 est

175 2333 339 2415 (28—30).
386 2333 594 2414 Quamquam
619 2356 692 2397 cum
716 2334 891 2407 exsulibuS,
916 2335 968 2412 qui
984 2334 1151 2396 Piraeeum
1169 2332 1334 2404 tenebant,
1360 2349 1473 2392 manus

174 2463 343 2504 conserere
367 2453 499 2506 coactus
522 2455 580 2516 est,
605 2455 714 2507 tamen
739 2445 770 2504 id
794 2463 923 2522 semper
947 2446 1076 2522 agebat,
1113 2453 1148 2504 ut
1176 2443 1314 2504 reditum
1347 2441 1392 2502 eis
1420 2460 1473 2519 pa-

174 2551 329 2614 tefaceret
351 2554 383 2613 in
407 2555 554 2632 patriam.
603 2555 661 2616 Per
685 2554 811 2634 legatos
836 2554 917 2615 clam
943 2555 1058 2615 missos
1081 2573 1138 2614 eos
1169 2552 1315 2613 hortatus
1346 2562 1404 2621 cst,
1439 2560 1473 2611 ut

174 2680 289 2740 pacem
312 2672 469 2741 peterent,
494 2673 526 2724 et
550 2666 595 2728 eis
620 2665 785 2736 nuntiavit,
812 2664 929 2742 quibus
953 2664 1198 2726 condicionibus
1222 2681 1287 2740 pax
1311 2644 1474 2741 impetrari

174 2781 296 2850 posset,
323 2754 505 2851 eodemque
531 2775 630 2836 modo
656 2773 805 2845 urbanos
843 2775 896 2851 qui
928 2774 1186 2836 decemvirorum
1218 2772 1472 2832 dominationem

177 2880 313 2942 moleste
344 2881 407 2943 iam
439 2881 593 2957 ferebant,
624 2893 657 2946 ut
688 2901 804 2962 pacem
832 2894 990 2962 peterent,
1026 2885 1214 2947 commovit.
1269 2883 1396 2964 Quibus
1428 2883 1470 2942 de

175 2992 280 3053 causis
304 3001 337 3052 et
361 2993 488 3054 exsules
512 3003 545 3056 et
575 2997 688 3058 urbani
720 3005 752 3059 et
783 2997 880 3077 paulo
911 3006 987 3075 post
1023 2994 1196 3057 decemviri
1227 2995 1288 3072 ipsi
1320 2995 1360 3054 de
1391 3011 1472 3072 pace

175 3102 303 3182 legatos
328 3101 480 3182 Spartam
505 3107 669 3178 miserunt,
695 3109 780 3168 unde
806 3108 990 3186 quindecim
1014 3106 1072 3167 viri
1096 3106 1182 3168 missi
1206 3114 1289 3176 sunt,
1315 3103 1368 3181 qui
1399 3122 1472 3164 cum

175 3213 331 3273 Pausania
354 3232 469 3292 pacem
494 3216 735 3278 reconciliarent
759 3218 921 3299 (31—38).

281 3322 409 3401 Quibus
433 3326 567 3388 narratis
591 3327 632 3386 ad
657 3347 710 3389 eas
735 3347 785 3388 res
808 3327 965 3398 venimus,
991 3347 1072 3407 quas
1096 3325 1301 3405 propositum
1327 3324 1405 3386 mihi
1423 3333 1472 3386 est

174 3431 235 3493 hac
251 3433 476 3496 dissertatione
492 3437 672 3497 accuratius
689 3445 836 3510 tractare,
862 3445 958 3517 pacta
975 3437 1058 3510 dico,
1084 3436 1199 3517 quibus
1215 3435 1471 3497 Atheniensibus

174 3542 339 3604 exsulibus
364 3544 475 3606 civitas
500 3545 625 3608 reddita
649 3555 681 3607 et
705 3548 879 3610 concordia
903 3548 1051 3610 restituta
1076 3556 1135 3609 est.

280 3651 366 3730 Quia
381 3663 491 3715 autem
511 3655 570 3714 viri
587 3654 674 3717 docti
691 3658 887 3720 recentiores
903 3657 1087 3735 complures
1103 3666 1135 3717 et
1151 3657 1179 3718 ei
1196 3655 1339 3716 notiores
1355 3653 1470 3724 sontes,

173 3760 290 3842 quibus
314 3761 375 3823 hae
400 3783 451 3824 res
474 3773 650 3838 narrantur,
677 3764 755 3828 lalso
779 3768 1003 3849 explicuerunt
1026 3767 1074 3828 vel
1099 3775 1186 3828 certe
1217 3765 1339 3845 aliquid
1362 3763 1472 3825 intule-

172 3882 254 3944 runt,
280 3872 368 3952 quod
395 3872 425 3932 in
450 3873 495 3934 eis
519 3894 583 3935 non
607 3875 780 3949 invenitur,
812 3877 953 3958 primum
985 3897 1092 3938 meum
1125 3885 1174 3938 est
1198 3875 1320 3947 sontes,
1355 3873 1473 3955 quibus

172 4000 224 4042 me
249 3990 281 4042 et
305 4001 419 4044 omnes
442 3984 483 4045 de
506 3981 556 4044 his
581 3985 678 4046 rebus
701 3987 879 4049 scribentes
903 3987 960 4049 niti
985 3995 1126 4066 oportet,
1153 3984 1305 4064 colligere
1338 3995 1370 4046 et
1392 3985 1472 4046 viro-

171 4110 242 4152 rum
266 4093 480 4155 recentiorum
504 4095 671 4156 sententiis
695 4106 727 4156 et
759 4096 1078 4179 interpretationibus
1095 4095 1250 4177 neglectis
1275 4095 1345 4156 sine
1369 4095 1415 4157 ira
1439 4106 1471 4158 et

170 4201 280 4262 studio
305 4222 402 4263 unam
427 4222 582 4282 quaerere
607 4214 728 4266 rectam
754 4225 866 4267 eorum
892 4207 1151 4290 explicationem.
1200 4205 1276 4287 Quo
1301 4205 1388 4269 sacto
1419 4208 1471 4268 de·

169 4314 416 4374 monstrandum
439 4313 506 4386 erit,
533 4313 611 4393 quid
636 4314 663 4376 ei
681 4315 828 4389 doceant,
853 4317 907 4400 qui
931 4318 1049 4379 nostris
1065 4315 1199 4379 saeculis
1217 4315 1299 4377 illius
1315 4317 1470 4398 temporis

169 4422 338 4484 historiam
360 4433 577 4498 narraverunt,
612 4424 775 4506 falsaeque
808 4447 920 4488 eorum
953 4427 1122 4509 opiniones
1153 4436 1247 4488 erunt
1269 4426 1471 4492 refutandae.

169 4531 297 4613 Quibus
321 4534 449 4597 duobus
473 4535 635 4614 capitibus
658 4536 791 4598 tertium
813 4546 915 4598 restat
939 4537 1191 4618 adiungendum.
1238 4537 1322 4598 Nam
1345 4547 1472 4618 praeter
