3402 5172
750 329 960 414 Aa*

206 524 337 600 κόταςι,
360 536 394 589 et
417 527 434 610 ξ
458 541 518 592 20':
547 539 633 601 »τοῖς
653 524 782 612 ἐχθροῖς
807 524 1006 612 ἀνιαρότατα
1033 529 1226 610 ψηφιεῖσθε(
1253 535 1287 588 et
1303 526 1320 608 ξ
1337 542 1396 604 23:
1417 536 1504 600 »ταῖς

207 630 317 718 ὅρκοις
332 637 386 700 καὶ
402 649 472 711 ταῖς
489 636 670 720 συνθήκαις
686 634 864 721 ἐμμένουσι,
880 639 1066 720 νομίζοντες
1082 637 1136 700 καὶ
1153 639 1212 722 τῆς
1228 634 1356 711 πόλεως
1376 633 1501 720 ταύτην
1544 669 1550 680 ·

206 743 415 830 ἱκανωτάτην
430 741 513 810 εἶναι
530 749 693 831 σωτηρίαν
712 749 852 812 καὶτῶν
873 745 1004 832 ἐχθρῶν
1020 748 1175 831 μεγίστην
1190 747 1381 832 τιμωρίανι,
1400 746 1504 809 elucet

206 857 291 918 cives
316 857 476 938 quosdam
501 857 533 918 in
558 857 706 918 exsilium
731 858 883 937 expulsos
899 858 1112 940 popularibus
1130 857 1263 921 infestos
1280 859 1349 920 sive
1372 876 1505 919 revera

205 968 273 1030 sive
297 968 432 1029 oratoris
456 969 616 1030 sententia
639 968 758 1031 civitati
784 968 1007 1032 reconciliatae
1031 977 1064 1031 et
1088 969 1255 1032 restitutae
1280 967 1401 1029 minari.
1439 965 1504 1048 Qui

205 1077 267 1140 loci
291 1077 333 1139 de
356 1080 402 1140 eis
425 1078 567 1158 intellegi
590 1088 735 1158 possunt,
760 1079 815 1160 qui
839 1079 1052 1160 popularibus
1068 1077 1208 1140 Athenis
1224 1079 1338 1162 potitis
1353 1077 1504 1141 Eleusine

204 1197 260 1250 aut
284 1189 349 1250 iam
364 1199 455 1251 erant
466 1199 523 1251 aut
547 1209 587 1250 eo
604 1209 639 1252 se
662 1189 878 1263 contulerunt,
896 1209 1094 1271 quamquam
1111 1208 1177 1251 vox
1194 1187 1374 1272 φεύγοντες
1391 1188 1504 1250 melius

206 1298 248 1360 de
272 1299 318 1360 eis
342 1308 521 1380 usurpatur,
546 1321 628 1382 quos
651 1322 685 1362 re
708 1321 783 1364 vera
808 1300 977 1362 monstrari
1000 1300 1110 1362 statim
1135 1298 1328 1362 videbimus.
1374 1298 1504 1364 Stutzer

205 1417 313 1470 autem
337 1408 397 1471 hac
421 1431 502 1494 voce
526 1431 582 1472 eos
607 1420 701 1492 putat
723 1411 907 1493 significari,
940 1410 996 1489 qui
1021 1418 1095 1472 ante
1111 1410 1387 1489 trigintavirorum
1404 1411 1504 1472 domi·

208 1528 319 1581 natum
354 1541 373 1580 a
414 1521 538 1604 populo
576 1522 606 1584 in
648 1521 795 1583 exsilium
831 1522 918 1582 missi
954 1539 1059 1601 neque
1093 1539 1179 1582 anno
1212 1535 1279 1598 404
1299 1521 1503 1592 ¹reverterint

209 1648 315 1709 neque
338 1632 378 1691 ad
403 1632 516 1693 urbem
541 1631 740 1694 liberandam
757 1651 829 1693 cum
847 1629 1051 1712 Thrasybulo
1068 1647 1139 1690 sese
1156 1630 1382 1692 coniunxerint
1398 1651 1503 1713 neque

206 1740 413 1819 trigintaviris
442 1741 628 1813 interfectis,
661 1742 680 1802 i.
714 1761 740 1802 e.
774 1741 928 1803 Eleusine
952 1748 1101 1821 recepta,
1130 1739 1279 1802 Athenas
1304 1742 1500 1808 reverterint.

204 1847 303 1911 Tales
337 1849 485 1912 homines
515 1851 612 1914 fuisse
644 1861 731 1914 certe
765 1851 927 1914 Sieversio
959 1852 977 1916 l.
1002 1851 1021 1913 l.
1047 1871 1078 1933 p.
1106 1853 1147 1930 87
1172 1851 1418 1914 concedendum
1443 1862 1499 1925 est,

203 1961 261 2022 sed
285 1979 362 2021 num
387 1960 450 2024 ullo
476 1962 542 2024 iure
567 1972 676 2024 orator
701 1963 741 2024 de
766 1963 810 2023 eis
834 1962 897 2024 hoc
921 1962 1021 2023 modo
1037 1962 1126 2042 loqui
1149 1960 1275 2041 potuit?
1303 1961 1410 2024 Etiam
1428 1983 1500 2025 mea

204 2071 364 2132 sententia
394 2091 436 2132 ex
466 2071 527 2133 hac
558 2073 705 2134 oratioue
730 2072 891 2134 nonlicet
914 2071 1066 2152 colligere
1089 2070 1347 2134 Atheniensibus
1370 2081 1440 2136 tum
1465 2093 1499 2134 re

204 2199 281 2242 vera
298 2181 473 2261 periculum
493 2181 598 2255 luisse,
617 2201 657 2243 ne
674 2183 788 2244 iterum
806 2183 849 2245 ab
866 2183 1079 2262 optimatibus
1093 2182 1278 2262 respublica
1293 2191 1497 2253 everteretur,

202 2291 303 2351 immo
319 2292 402 2353 bene
426 2290 493 2353 fieri
518 2294 633 2372 potuit,
660 2302 695 2355 ut
710 2302 827 2366 orator,
845 2294 899 2374 qui
918 2293 948 2354 id
964 2303 1083 2374 ageret,
1103 2303 1138 2355 ut
1155 2313 1253 2375 quam
1270 2293 1499 2356 dilucidissime

203 2401 399 2474 ostenderet,
435 2411 556 2482 quanta
589 2403 730 2486 pericula
754 2404 870 2468 civium
894 2404 1054 2466 discordia
1079 2403 1276 2486 reipublicae
1300 2412 1497 2486 pararentur,

200 2531 277 2572 vera
305 2512 447 2593 pericula
480 2523 693 2593 exaggeraret
724 2523 756 2575 et
786 2512 827 2575 de
860 2513 1008 2576 hostibus
1040 2514 1267 2576 insidiantibus
1302 2513 1496 2596 loqueretur,

201 2621 327 2712 etiamsi
361 2623 453 2704 pauci
478 2623 671 2684 discordiam
693 2624 810 2685 civium
836 2634 1116 2703 exspectaverunt.
1155 2625 1321 2696 Attamen,
1347 2624 1496 2704 quisnam
1526 2670 1530 2679 s

200 2731 261 2792 sibi
301 2733 510 2810 persuadebit
539 2731 788 2796 Atheniensium
828 2754 1027 2815 quemquam
1055 2734 1125 2797 illos
1161 2735 1328 2806 metuisse,
1365 2734 1419 2815 qui
1455 2753 1495 2796 ne

201 2850 271 2902 tum
295 2843 427 2923 quidem
444 2843 591 2906 Athenas
615 2853 823 2916 reverterant,
851 2864 924 2906 cum
948 2844 1061 2927 populi
1085 2853 1249 2927 potestate
1272 2844 1378 2906 deleta
1394 2844 1494 2906 domi-

199 2952 288 3014 natio
312 2954 524 3035 optimatibus
539 2955 701 3018 cesserat?
724 2955 909 3036 Numquam
924 2954 1060 3018 sortasse
1077 2955 1202 3016 illorum
1219 2973 1373 3016 numerus
1391 2954 1495 3016 minor

200 3061 258 3123 fuit
281 3081 378 3144 quam
402 3073 480 3137 tum,
505 3085 610 3146 neque
635 3084 791 3146 umquam
812 3066 880 3128 sine
905 3065 1005 3128 dubio
1030 3066 1135 3127 minus
1155 3064 1213 3126 illis
1231 3064 1495 3127 commemoratis

201 3182 307 3234 metus
342 3174 466 3235 civibus
496 3175 581 3236 iniici
613 3176 727 3256 potuit.
785 3175 897 3257 ltaque
927 3175 988 3238 hac
1017 3177 1140 3237 ratione
1172 3194 1218 3249 ea,
1252 3195 1335 3256 quae
1358 3172 1495 3236 Grosser

200 3283 319 3355 docuit,
352 3282 479 3347 refutari
513 3306 578 3347 non
605 3295 751 3367 possunt,
784 3288 971 3368 praesertim
1004 3306 1077 3348 cum
1101 3305 1206 3367 neque
1230 3305 1269 3347 ea
1293 3293 1492 3364 argumenta,

198 3413 283 3474 quae
315 3391 442 3456 Stutzer
471 3415 502 3476 p.
538 3410 579 3474 39
610 3416 670 3478 pro
699 3417 758 3459 sua
788 3397 947 3459 sententia
977 3395 1107 3478 profert,
1140 3404 1266 3459 tantum
1289 3395 1427 3466 valea-nt,
1457 3404 1494 3458 ut
1572 3377 1576 3388 ’

199 3513 310 3584 aperte
334 3501 482 3566 Grosseri
504 3507 700 3569 sententiam
725 3506 838 3569 falsam
864 3527 935 3569 esse
960 3507 1142 3570 ostendant.

304 3614 365 3676 Est
388 3625 496 3678 autem
521 3635 640 3698 magna
667 3617 718 3679 illa
748 3615 927 3691 difficultas,
959 3638 1041 3698 quae
1078 3617 1226 3681 Stutcero
1250 3617 1367 3691 obstat,
1399 3615 1493 3699 plane

197 3725 334 3798 sublata,
366 3734 542 3808 postquam
575 3727 635 3789 hac
665 3728 892 3790 dissertatione
929 3749 988 3810 pro
1029 3739 1116 3792 certo
1154 3730 1411 3791 demonstratum
1444 3736 1495 3789 est
1532 3741 1536 3752 ·

198 3855 295 3897 unam
319 3837 509 3900 amnestiam
534 3837 696 3900 decretam
715 3857 786 3900 esse
808 3848 884 3920 post
907 3839 1059 3902 Eleusina
1075 3847 1306 3921 recuperatam,
1331 3857 1390 3920 pro
1415 3837 1493 3900 veri-

197 3945 289 4008 simili
313 3955 441 4028 praeter
469 3947 706 4010 undecimviros
731 3949 775 4030 (et
804 3950 1006 4012 decemviros
1036 3950 1236 4031 Piraeenses)
1260 3947 1374 4010 saltem
1408 3967 1493 4009 com·

196 4056 302 4138 plures
335 4056 553 4137 trigintaviros
584 4059 771 4140 superstites
803 4081 841 4122 ea
876 4061 1006 4123 decreta
1038 4061 1070 4121 in
1103 4060 1248 4121 exsilium
1273 4058 1388 4120 missos
1411 4077 1491 4120 esse.

197 4166 241 4227 Hi
262 4166 367 4247 igitur,
391 4167 582 4247 quibuscum
606 4167 745 4232 fortasse
769 4171 912 4234 nonnulli
937 4171 997 4245 alii,
1030 4171 1084 4252 qui
1116 4168 1265 4231 Athenas
1296 4167 1401 4230 redire
1428 4186 1493 4230 non

97 4341 103 4348 ,
196 4277 370 4348 audebant,
396 4277 427 4338 in
450 4277 598 4340 exsilium
615 4279 728 4354 ierunt,
755 4280 849 4343 huius
866 4281 1021 4343 orationis
1036 4279 1116 4342 locis
1131 4278 1267 4342 laudatis
1287 4276 1493 4358 intellegendi

195 4395 269 4448 sunt
301 4395 334 4448 et
364 4387 488 4467 optime
521 4388 665 4472 intellegi
696 4400 842 4471 possunt.
891 4390 934 4451 Hi
966 4399 1053 4452 recte
1081 4389 1258 4472 φεύγοντες
1288 4387 1494 4450 nominantur

194 4497 312 4558 eodem
335 4496 434 4558 modo
458 4505 557 4578 atquc
580 4500 611 4561 in
636 4508 824 4564 senatorum
850 4500 1053 4563 iureiurando
1078 4499 1165 4580 apud
1189 4497 1277 4563 And.
1303 4498 1316 4559 I
1340 4513 1383 4575 90
1406 4505 1438 4559 et
1461 4497 1491 4558 iu
