3402 5172
204 552 270 620 fere
291 556 487 638 posteriores
503 553 648 620 hausisse
665 557 823 629 videntur,
850 558 892 620 ad
909 556 1077 639 Ephorum
1094 556 1167 620 dico
1183 567 1217 619 et
1232 554 1497 638 Theopompum.

204 687 278 730 nam
300 667 363 730 hoc
385 668 489 730 solum
512 687 571 747 pro
594 676 683 728 certo
708 668 878 730 habuerim
908 667 1127 770 Xenophonti,
1161 667 1287 770 Lysiae,
1323 666 1497 738 Andocidi,

203 779 335 841 Isocrati
369 777 431 839 hoc
461 779 595 859 verbum
626 779 772 840 nondum
802 788 916 840 notum
949 777 1045 840 fuisse
1084 785 1117 838 et
1147 775 1318 840 Aeschinis
1350 786 1499 857 tempore

204 908 324 952 nomen
351 885 414 971 »μὴ
427 899 654 970 μνησικακεῖν
680 888 713 950 in
736 909 795 949 usu
819 886 925 949 fuisse.
974 885 1173 974 Crediderim
1193 887 1236 949 ab
1252 886 1388 964 Ephoro
1412 887 1498 969 (con-

201 999 348 1071 sermea,
366 1016 450 1078 quae
472 998 607 1079 exponit
641 998 678 1063 E.
699 999 740 1060 de
763 995 905 1059 Leutsch
934 997 966 1057 in
993 994 1109 1062 ›Phih‹
1136 995 1245 1059 XXIV
1277 1016 1308 1077 p.
1334 996 1412 1076 453)
1443 1005 1500 1057 aut

200 1110 421 1192 Theopompo
444 1116 500 1169 aut
524 1116 611 1168 certe
641 1108 799 1190 scriptore
830 1127 894 1168 non
926 1105 1028 1168 multo
1058 1107 1238 1188 posteriore
1269 1106 1333 1168 hoc
1362 1106 1497 1167 verbum

202 1218 328 1282 dehoc
353 1237 417 1279 uno
440 1217 692 1280 Atheniensium
716 1217 802 1280 sacto
827 1231 1017 1297 usurpatum
1041 1235 1112 1278 esse
1135 1225 1167 1278 et
1191 1214 1274 1279 hane
1298 1215 1496 1278 sententiam

201 1327 396 1407 aliquamdiu
421 1328 597 1401 retinuisse,
624 1347 688 1406 quo
719 1327 840 1390 facturn
871 1337 930 1399 est,
961 1335 996 1388 ut
1029 1336 1104 1388 ante
1133 1324 1297 1389 Valerium
1320 1343 1498 1405 numquam

200 1438 385 1512 inveniatur,
419 1438 494 1516 quia
523 1446 653 1499 nostrae
681 1437 725 1499 rei
750 1437 872 1499 mentio
902 1456 965 1497 non
997 1445 1046 1499 est
1077 1445 1212 1505 servata.
1251 1456 1315 1497 uno
1346 1434 1496 1515 Dionysii

199 1549 272 1611 loco
297 1567 338 1608 ex
360 1549 559 1618 orationibus
581 1547 716 1610 fortasse
739 1546 855 1610 hausto
880 1557 1028 1627 excepto,
1062 1557 1176 1626 postea
1207 1547 1340 1608 demum
1373 1545 1415 1608 ad
1446 1565 1497 1607 res

200 1660 319 1722 similes
341 1659 532 1748 translatum
554 1678 683 1721 sensum
715 1658 948 1737 generaliorem
971 1657 1145 1736 accepisse,
1179 1665 1213 1718 ut
1243 1657 1330 1718 idern
1357 1654 1427 1717 sere
1455 1655 1498 1717 sit

201 1778 301 1851 atque
328 1761 463 1833 »ἆὸειοει1

311 1879 399 1940 Haec
424 1879 505 1941 illius
530 1877 610 1942 sacti
627 1888 700 1942 sunt
724 1879 864 1954 nomina,
889 1897 940 1940 res
962 1877 1060 1939 etiam
1076 1875 1145 1938 aliis
1160 1875 1267 1937 verbis
1289 1873 1495 1955 significatur,

202 1990 357 2072 imprimis
380 1989 484 2052 verbis
512 1983 621 2072 »ὅρκοι
650 1989 705 2053 καὶ
735 1991 930 2074 συνθῆκαιι,
964 1989 1005 2049 de
1036 1987 1154 2067 quibus
1185 1986 1247 2048 iam
1279 1984 1496 2055 disseruimus

205 2100 363 2162 interdurn
387 2101 487 2163 verbo
516 2090 639 2162 ιᾶδειαι
667 2109 700 2162 et
722 2099 822 2161 verbo
850 2095 1071 2181 »συγγνᾶῃιηιΙ
