3402 5172
817 339 851 406 15

729 420 941 429 .-.-------

186 555 302 618 essent,
328 545 419 626 pacis
443 543 672 606 condicionum
701 550 850 622 expertes
875 541 1008 602 luissent
1032 547 1065 600 et
1093 547 1221 617 praeter
1252 536 1481 617 trigintaviros,

186 652 431 725 undecimviros
457 650 659 714 decemviros
682 652 867 715 Piraeenses
900 648 1111 732 Xenophonti
1142 647 1352 710 enumerandi
1383 657 1483 713 erant.

183 765 351 826 Praeterea
375 783 456 826 unus
481 783 521 823 ex
544 763 598 836 eis,
624 763 736 836 Phid0,
760 763 939 825 secundum
970 760 1102 842 Lysiam
1125 757 1184 821 ΧΙΙ
1216 771 1256 837 54
1284 778 1354 839 sqq.
1386 758 1484 841 paulo

184 884 260 953 post
283 873 422 935 Athenis
446 893 517 935 esse
540 873 675 935 videtur.
724 873 881 935 Attamen
906 871 1069 934 virisimile
1099 878 1148 932 est
1172 868 1328 951 plurimos
1360 888 1482 942 eorum,

185 985 342 1066 quoniam
366 985 521 1059 omnium,
548 984 694 1063 quitum
718 983 856 1045 Athenis
880 993 979 1056 erant,
1005 983 1146 1042 maxime
1170 979 1334 1042 exsulibus
1351 979 1483 1040 obstite-

185 1106 266 1168 rant,
291 1095 351 1157 sibi
376 1104 559 1157 metuentes
593 1115 675 1177 pace
706 1093 792 1157 sacta
821 1093 972 1155 Eleusina
1004 1111 1039 1153 se
1069 1090 1253 1164 contulisse,
1285 1110 1352 1171 quo
1382 1088 1485 1151 Phido

183 1206 228 1267 ire
253 1225 318 1268 non
340 1225 436 1267 ausus
461 1206 511 1279 sit,
537 1215 653 1285 utpote
676 1206 730 1286 qui
755 1206 825 1287 ipse
849 1205 880 1266 in
903 1201 1179 1284 trigintavirorum
1202 1219 1336 1262 numero
1360 1199 1480 1273 fuisset,

184 1318 242 1380 sed
266 1336 379 1378 eorum
402 1325 528 1398 partem
550 1336 625 1378 cum
648 1315 865 1378 Eratosthene
897 1311 1089 1377 deseruisset
1119 1309 1171 1393 (cl.
1206 1310 1282 1392 Lys.
1313 1309 1372 1372 XII
1423 1311 1483 1392 54).

185 1429 256 1490 Hac
273 1438 382 1489 autem
395 1428 518 1490 ratione
532 1426 622 1488 facile
635 1426 837 1506 intellegitur,
852 1423 1020 1506 quomodo
1036 1421 1176 1484 Iustinus
1193 1421 1224 1482 in
1239 1421 1326 1483 hunc
1343 1438 1484 1482 errorem

185 1539 334 1600 inductus
357 1539 408 1603 sit.
456 1537 581 1600 Invenit
603 1538 690 1618 apud
715 1535 873 1616 Trogum,
904 1534 962 1596 nisi
987 1531 1069 1594 forte
1094 1533 1158 1592 iam
1187 1531 1282 1592 huius
1305 1539 1354 1592 est
1385 1549 1482 1602 error,

185 1649 326 1711 urbanos
361 1648 503 1710 maxime
536 1647 652 1709 noxios
681 1647 833 1708 Eleusina
869 1643 1066 1724 migravisse.
1126 1641 1225 1722 Quod
1258 1649 1391 1702 coactos
1429 1659 1486 1702 eos

186 1758 298 1823 fecisse
322 1778 428 1821 errore
452 1757 580 1842 putavit
593 1766 625 1819 et
646 1757 797 1821 narravit.
820 1755 957 1818 Ceteros
977 1762 1087 1816 autern
1119 1751 1207 1813 cives
1232 1750 1383 1832 neglexit,
1409 1750 1486 1831 quia

186 1871 254 1932 eius
277 1869 428 1932 intererat
451 1888 580 1932 narrare
603 1867 804 1930 decemviros
829 1866 966 1948 imperio
987 1883 1062 1926 sese
1078 1861 1230 1924 abdicare
1247 1871 1380 1924 coactos
1402 1881 1482 1924 esse.

185 1980 312 2060 Quibus
337 1980 378 2040 de
401 1980 505 2040 causis
528 1979 626 2041 etiarn
650 1978 737 2057 apud
761 1961 919 2039 Iustinum
942 1977 1023 2040 illius
1046 1976 1134 2059 pacis
1163 1973 1363 2036 condicionis
1392 1971 1485 2034 vesti·

187 2089 279 2170 gium
304 2089 463 2150 invenitur
486 2098 519 2151 et
541 2089 740 2152 condicionis
762 2089 895 2170 quidem
917 2088 1089 2171 perfectae.

293 2199 489 2262 Accuratius
512 2219 609 2279 quam
633 2199 820 2281 Xenophon
850 2201 989 2262 lustinus
1017 2220 1077 2262 nos
1108 2198 1236 2260 videtur
1265 2196 1423 2258 instruere
1446 2194 1487 2256 de

186 2319 344 2392 tempore,
371 2330 436 2390 quo
460 2311 586 2372 Eleusis
611 2319 801 2391 recuperata
823 2318 856 2372 et
879 2309 1037 2391 amnestia
1065 2309 1195 2370 decreta
1223 2307 1274 2381 sit,
1310 2325 1385 2368 nam
1419 2325 1487 2367 ver-

185 2420 235 2482 bis
261 2420 452 2482 ›interiectis
475 2419 609 2482 diebus«
629 2441 703 2482 eum
720 2421 892 2483 ostendere
908 2419 1092 2498 putaverim
1115 2438 1179 2481 non
1203 2418 1257 2479 diu
1273 2426 1349 2498 post
1369 2436 1486 2498 pacem

187 2530 402 2612 compositam
427 2530 506 2592 haec
530 2529 615 2592 lacta
638 2551 719 2596 esse.
767 2530 869 2592 Amat
893 2529 978 2591 enim
1001 2529 1141 2591 Iustinus
1164 2528 1381 2592 narrationem
1412 2547 1486 2589 con-

187 2641 313 2702 tinuare
323 2650 379 2702 aut
391 2641 498 2703 verbis
516 2640 702 2703 »interiecto
717 2649 885 2722 tempore«
903 2641 970 2703 sive
988 2640 1175 2703 >interiecto
1188 2639 1305 2701 deinde
1318 2648 1484 2721 tempore«

189 2749 216 2831 (l
243 2764 306 2830 5.7.
337 2767 386 2823 10,
411 2750 437 2812 ΙΙ
467 2762 513 2828 15,
539 2750 581 2812 ΙΙΙ
605 2751 626 2812 6
651 2751 717 2816 init.
742 2750 875 2824 6med.,
904 2750 950 2813 lV
972 2769 1003 2828 4,
1022 2751 1083 2813 Vll
1110 2749 1185 2828 5,X
1211 2767 1239 2828 3,
1257 2749 1302 2812 XI
1324 2765 1371 2823 12,
1396 2748 1488 2831 alias)

186 2869 243 2920 aut
265 2861 389 2926 verbis:
420 2861 614 2922 »interiectis
631 2860 763 2922 diebus«
792 2860 847 2942 (ΙΙΙ
872 2861 947 2940 7in.
974 2876 991 2940 7
1017 2860 1112 2933 med„
1147 2859 1179 2920 V
1201 2858 1358 2938 4,v116,
1395 2859 1488 2941 alias)

188 2990 228 3031 eo
250 2970 433 3032 discrimine
459 2969 659 3053 interposit0,
686 2980 720 3030 ut
743 2970 774 3031 in
799 2970 982 3032 universum
1006 2969 1080 3032 illud
1104 2967 1263 3050 significet
1285 2970 1397 3043 maius,
1425 2969 1488 3030 hoc

189 3074 294 3141 minus
317 3081 474 3160 temporis
490 3081 639 3163 spatium.
687 3079 804 3141 Verbis
827 3079 912 3142 enim
940 3081 1125 3142 >interiecto
1142 3088 1309 3161 tempore«
1337 3080 1488 3144 omnibus

189 3190 266 3252 locis
289 3190 394 3252 allatis
418 3211 483 3253 uno
507 3191 546 3274 (ΙΙ
567 3191 618 3271 15)
642 3199 791 3271 excepto,
816 3191 870 3252 ubi
895 3191 935 3253 de
970 3191 1079 3274 spatio
1110 3190 1244 3253 minimo
1273 3189 1488 3270 intellegenda
1519 3205 1522 3212 ·

188 3321 259 3362 esse
283 3299 441 3371 videntur,
466 3321 564 3362 unum
588 3310 645 3363 aut
668 3300 851 3383 complures
875 3312 907 3363 et
923 3301 1094 3374 interdum,
1121 3310 1156 3363 ut
1181 3301 1223 3362 ΙΙΙ
1247 3301 1268 3363 6
1290 3300 1368 3372 init,
1394 3298 1486 3381 pluri·

189 3430 260 3492 mps
289 3429 393 3472 annos
421 3409 591 3490 significat,
624 3411 731 3472 verbis
763 3419 874 3473 autem
908 3410 1100 3474 »interiectis
1130 3411 1264 3473 diebus«
1298 3410 1487 3492 plerumque

187 3519 328 3602 spatium
359 3519 594 3593 brevissimum,
618 3540 818 3602 quamquam
843 3541 907 3582 uno
930 3521 1003 3583 loco
1028 3521 1094 3605 (Ill,
1123 3537 1140 3601 7
1165 3521 1265 3602 med.)
1290 3540 1354 3584 non
1377 3520 1485 3604 liquet,

189 3650 265 3692 num
288 3649 399 3711 pugna
416 3630 535 3692 navalis
557 3630 656 3709 paulo
673 3639 748 3709 post
772 3630 945 3693 commissa
959 3630 1009 3692 his
1033 3631 1141 3693 verbis
1165 3650 1239 3692 cum
1270 3630 1488 3693 antecedenti·

188 3740 249 3802 bus
268 3740 441 3802 coniuncta
452 3739 502 3800 sit.
528 3739 655 3819 Quibus
671 3740 901 3802 demonstratis
913 3749 1038 3803 tantum
1060 3761 1126 3803 non
1147 3760 1207 3822 pro
1226 3750 1316 3802 certo
1346 3748 1489 3804 statuere

190 3849 283 3910 nobis
298 3848 372 3911 licet
385 3857 497 3911 nostro
510 3849 583 3911 loco
603 3871 621 3911 e
645 3851 752 3912 verbis
777 3851 971 3913 »interiectis
986 3851 1119 3914 diebus«
1143 3851 1402 3913 concludendum
1418 3873 1489 3914 esse

189 3979 255 4021 non
279 3959 387 4021 multis
402 3960 527 4033 diebus,
545 3961 586 4020 ad
610 3979 774 4021 summum
791 3981 855 4022 uno
873 3961 1044 4023 duobusve
1068 3961 1232 4023 mensibus
1247 3970 1324 4043 post
1340 3962 1488 4024 exsulum

191 4070 329 4131 reditum
368 4070 610 4152 expeditionem
654 4069 852 4132 Eleusiniam
880 4071 1002 4133 factam
1030 4081 1063 4134 et
1093 4071 1286 4133 amnestiam
1321 4071 1485 4133 decretam

189 4199 270 4251 esse,
308 4199 408 4259 quam
441 4181 599 4241 rationem
633 4179 855 4260 compluribus
882 4181 1018 4244 aliorum
1046 4181 1125 4243 locis
1147 4180 1365 4263 comprobari,
1393 4181 1485 4244 nullis

189 4287 319 4350 refutari
337 4289 418 4350 inira
433 4289 487 4372 (ἐς
505 4290 611 4363 21,26,
617 4291 669 4373 31)
684 4290 874 4354 videbimus.
918 4291 1084 4372 Quoniam
1101 4309 1178 4354 vero
1191 4290 1321 4365 reditus,
1340 4299 1487 4371 utsupra

191 4401 224 4480 (ξ
250 4397 282 4481 2)
300 4399 601 4474 demonstravimus,
616 4421 735 4476 ‚mense
759 4399 944 4483 Septembri
969 4401 1044 4463 anni
1067 4419 1130 4480 403
1164 4422 1193 4467 a.
1217 4400 1301 4466 Chr.¹
1321 4422 1350 4466 n.
1382 4401 1485 4463 lactus

190 4517 248 4579 est,
280 4508 544 4579 verisimillimum
582 4521 632 4580 est
661 4513 743 4575 intra
771 4513 911 4582 eundem
943 4532 1064 4579 annum
1095 4511 1287 4582 amnestiam
1322 4512 1488 4584 decretam
