3402 5172
750 325 870 412 ,ιε

208 545 293 606 quae
315 533 507 607 sequuntur:
536 533 615 590 »νῦν
638 525 671 590 de
693 528 858 609 νομίζουσι
882 525 944 610 τὴν
967 525 1050 609 πρὸς
1079 523 1223 600 ἐκείνους
1254 523 1355 611 ὀργὴν
1386 525 1504 612 ἱκανὴν

206 629 287 698 εἶναι
310 637 365 699 καὶ
386 634 465 710 τοὺς
486 635 584 720 under)
605 635 709 700 κακὸν
732 635 959 720 εἰργασμένους
983 633 1170 710 duonum«,
1196 655 1270 698 nam
1294 637 1374 700 haec
1400 639 1501 702 verba

206 747 323 808 eodem
348 747 447 808 modo
471 745 686 828 intellegenda
716 756 806 812 sunt:
841 767 924 809 nunc
956 756 1065 809 autem
1097 745 1155 808 illis
1185 747 1275 808 irasci
1307 747 1353 808 eis
1386 748 1504 811 sufficit

206 877 311 938 neque
324 876 381 919 eos
394 866 557 930 accusant,
574 865 729 920 accusant
739 857 942 933 innocentes;
957 878 1062 939 neque
1076 867 1135 931 est,
1151 857 1239 940 quod
1259 877 1332 919 curn
1345 856 1502 921 Grossero

206 987 249 1030 ex
264 968 311 1030 eis
329 966 517 1048 colligamus
532 965 750 1030 Athenienses
765 975 834 1030 tum
848 967 889 1030 de
904 968 1135 1048 tringintaviris
1150 968 1340 1030 ulciscendis
1356 969 1503 1049 cogitare

206 1078 361 1160 coepisse.
417 1076 513 1138 Falso
546 1087 656 1139 autern
688 1078 878 1141 Stutzerum.
901 1076 1060 1142 Gro'ssero
1091 1078 1284 1160 opposuisse
1328 1079 1428 1140 etiam
1461 1079 1502 1142 de

204 1189 412 1278 trigIntaviris
452 1186 626 1250 interfectis
660 1189 759 1251 verba
795 1187 874 1272 »τὴν
909 1188 992 1273 πρὸς
1032 1186 1175 1264 ἐκείνους
1206 1183 1324 1271 ὀργὴν(
1361 1189 1501 1272 intellegi

206 1319 303 1381 posse
326 1298 404 1360 satis
428 1298 532 1360 elucet
548 1318 589 1359 ex
605 1317 669 1360 uno
691 1299 792 1361 verbo
818 1297 985 1383 »ίκανὴν<,
1011 1319 1086 1362 nam
1104 1307 1212 1360 orator
1232 1298 1393 1380 vituperat
1410 1319 1501 1362 accu-

205 1419 338 1482 satores,
363 1407 452 1490 quod
475 1407 544 1470 sola
565 1409 611 1470 ira
632 1409 678 1470 eis
697 1407 845 1482 sufficiat,
871 1409 1025 1490 quidnam
1049 1430 1127 1472 vero
1144 1408 1231 1471 aliud
1254 1410 1401 1491 tyrannis
1419 1431 1501 1473 mor·

205 1520 268 1581 tuis
292 1517 359 1581 fieri
383 1517 507 1600 potuit?
531 1517 674 1580 Eosdem
692 1527 801 1580 autem
818 1519 994 1600 optimates
1009 1520 1214 1582 nocentiores
1239 1527 1366 1600 spectat
1393 1529 1502 1584 orator

205 1633 225 1711 ἓ
255 1633 291 1692 18
322 1630 445 1696 verbis:
478 1626 570 1712 »ἐξὸν
599 1625 785 1713 ὀργίζεσθαι
815 1641 884 1702 τοὶς
915 1628 960 1704 είς
989 1628 1029 1692 τὸ
1056 1632 1188 1712 πλῆθος
1211 1627 1498 1713 ἑξημαρτηκόσινι,

204 1739 318 1823 cum§
348 1740 385 1802 16
408 1740 525 1805 verba:
552 1751 638 1814 »τοῖς
653 1745 721 1802 τῶν
750 1738 973 1823 γεγενημένων
994 1723 1107 1803 κακῶν
1131 1737 1245 1813 αἰτίοις
1261 1734 1449 1822 ὀργίζεσθε(
1468 1743 1500 1802 in

205 1851 390 1913 universum
414 1849 500 1912 dicta
523 1850 587 1915 sInt
610 1848 651 1911 de
676 1849 829 1912 omnibus
843 1848 1031 1912 hominibus
1060 1850 1262 1922 nocentibus,
1278 1849 1445 1931 imprImis
1459 1852 1500 1914 de

206 1959 422 2040 trigintaviris.

311 2070 438 2132 Deinde
462 2067 622 2131 Grossero
645 2070 827 2151 complures
850 2069 943 2132 huius
966 2072 1122 2134 orationis
1146 2071 1207 2134 loci
1231 2071 1370 2132 indicare
1388 2071 1495 2134 viden-

204 2190 255 2243 tur
278 2180 460 2262 nuperrime
483 2179 657 2261 populares
679 2181 711 2241 in
735 2181 848 2243 urbem
881 2181 1012 2253 redisse,
1038 2202 1069 2263 p.
1097 2197 1176 2246 201:
1215 2180 1383 2261 ›dagegen
1414 2178 1501 2242 steht

204 2291 256 2353 dle
279 2289 457 2352 Heimkehr
480 2289 538 2351 der
562 2289 782 2353 Demokraten
812 2291 855 2352 im
888 2290 1078 2354 irisehesten
1108 2289 1309 2355 Andenken:
1341 2289 1412 2372 §9,
1446 2305 1497 2364 20,

202 2417 253 2475 22,
279 2416 321 2479 29
343 2396 594 2473 κατείθόντεςι,
635 2399 726 2481 Quot
749 2400 856 2475 verba,
881 2410 931 2463 tot
954 2421 1089 2474 errores,
1116 2419 1316 2482 quamquam
1341 2398 1497 2462 nihilomi-

205 2531 265 2572 nus
289 2509 417 2572 Stutzer
440 2509 524 2572 hanc
547 2510 742 2573 sententiam
766 2531 875 2573 veram
910 2511 1019 2578 habet.
1066 2512 1173 2574 Etiam
1205 2509 1320 2573 horum
1350 2509 1496 2573 locorum

206 2621 344 2693 duobus
362 2622 382 2700 ἓ
399 2637 441 2683 20
465 2629 498 2682 et
514 2637 565 2699 29,
591 2621 795 2703 participium
818 2619 1039 2695 κατελθόντες
1059 2622 1199 2684 occurrit
1213 2629 1246 2683 et
1263 2620 1371 2683 denuo
1395 2621 1497 2682 virum

206 2732 339 2793 doctum
361 2732 393 2793 in
416 2750 559 2793 errorem
576 2731 708 2794 induxit.
758 2731 985 2805 Athenienses,
1010 2732 1085 2813 quia
1104 2728 1362 2810 »κατελθόντεςι
1381 2749 1496 2792 vocen-

203 2843 264 2916 t'ur,
289 2842 472 2923 nuperrime
489 2842 609 2904 redisse
631 2845 777 2924 oportet!
804 2841 868 2904 Sed
892 2858 1052 2923 quaenam
1075 2841 1136 2903 alia
1159 2861 1224 2903 vox
1246 2841 1317 2902 voci
1346 2840 1497 2922 »φεύγον-

203 2975 277 3026 ree<
305 2961 444 3032 utroque
467 2953 540 3013 loco
564 2953 687 3034 opponi
710 2952 825 3034 potuit,
852 2954 975 3015 etiamsi
1001 2954 1053 3015 diu
1078 2960 1154 3036 post
1177 2950 1325 3014 exsulum
1359 2951 1495 3014 reditum

193 3063 307 3124 oratio
329 3061 440 3123 habita
463 3061 567 3124 esset?
591 3061 638 3124 Cf.
665 3064 761 3128 Isocr.
785 3063 862 3126 XVI
885 3081 927 3141 42
959 3073 992 3126 et
1014 3064 1088 3145 Lys
1112 3063 1219 3126 XVIII
1242 3079 1272 3142 9.
1317 3063 1346 3125 E
1367 3065 1388 3143 fi
1411 3080 1432 3142 9
1457 3083 1497 3125 ne

204 3173 236 3234 id
259 3172 390 3253 quidem
416 3172 582 3235 diiudicari
605 3182 725 3255 potest,
752 3181 859 3235 utrum
883 3174 1003 3237 lactum
1025 3176 1068 3237 sit
1102 3174 1247 3256 propius
1282 3174 1496 3256 quadringen-

203 3291 310 3344 torum
329 3283 508 3345 dominatio
533 3284 633 3367 (anno
649 3301 710 3361 411
725 3286 747 3367 i)
770 3304 811 3346 an
833 3284 979 3347 exsulum
1004 3286 1125 3348 reditus
1148 3287 1246 3368 (anno
1262 3295 1324 3364 403
1337 3285 1370 3366 ί).
1417 3285 1438 3362 ζ)
1455 3299 1495 3346 22

204 3402 313 3455 autem
338 3391 507 3456 salsissime
527 3393 622 3456 allata
637 3404 695 3468 est,
713 3415 788 3458 nam
812 3395 873 3457 hac
888 3405 958 3458 tota
975 3395 1179 3479 paragrapho
1196 3395 1316 3458 reditus
1340 3395 1408 3476 ipse
1432 3415 1497 3456 non

203 3513 487 3577 commemoratur,
511 3505 569 3566 scd
593 3514 704 3567 orator
726 3505 867 3588 loquitur
889 3506 929 3568 de
948 3507 1044 3569 rebus
1067 3527 1106 3568 eo
1123 3514 1271 3588 tempore
1295 3505 1405 3587 g'estiS,
1431 3525 1496 3585 quo

201 3614 413 3696 tringintaviri
437 3614 582 3676 nondum
605 3615 758 3678 Eleusina
781 3617 1006 3697 migraverant,
1024 3637 1105 3698 quas
1127 3617 1244 3678 eodem
1267 3616 1341 3678 loco
1363 3614 1496 3676 laudato

201 3727 358 3789 Blassium
380 3725 398 3787 l.
425 3725 443 3790 l.
467 3726 481 3788 I
506 3739 567 3805 509
590 3736 719 3789 secutus
744 3727 934 3791 remotiores
958 3727 1059 3789 videri
1084 3727 1197 3791 docet:
1225 3726 1294 3788 ‚die
1311 3725 1497 3805 EreIgnisse

202 3846 296 3898 unter
319 3837 381 3898 den
405 3835 551 3916 Dreissig
573 3835 661 3899 nicht
684 3837 776 3899 mehr
800 3838 857 3900 der
881 3837 1131 3900 unmittelbaren
1153 3835 1420 3917 Vergangenheit
1443 3855 1494 3895 an·

201 3944 368 4025 gehorten.
415 3944 590 4017 Natiirlich,
622 3945 692 4008 weil
724 3947 775 4008 die
806 3947 952 4026 DreissIg
983 3947 1086 4008 schon
1119 3946 1230 4027 l'anger
1260 3950 1403 4024 gestiirzt
1431 3944 1496 4006 und

200 4056 302 4118 sehon
327 4055 479 4118 withrend
504 4056 561 4117 des
585 4055 818 4137 Biirgerkriegs
843 4057 876 4118 in
899 4056 1027 4119 Eleusis
1058 4075 1197 4122 warene.
1244 4054 1371 4135 Quodsi
1403 4073 1496 4133 quae-

201 4167 308 4238 rImus,
322 4168 502 4247 quomodo
526 4164 568 4227 ad
591 4175 718 4228 tantum
743 4187 884 4229 errorem
907 4176 1077 4248 permotus
1100 4168 1149 4238 sit,
1175 4166 1316 4228 nonalia
1340 4165 1498 4228 invenitur

200 4295 307 4348 causa,
334 4293 432 4356 quam
456 4277 531 4357 quia
553 4276 602 4338 bis
625 4276 687 4339 hac
709 4277 916 4361 paragrapho
941 4278 1080 4342 occurrit
1101 4277 1238 4342 verbum
1261 4275 1416 4350 κατιέναι,
1441 4275 1497 4336 sci·

200 4385 274 4451 licet
297 4386 339 4452 de
362 4394 510 4475 tempore
535 4385 643 4460 tuturo
667 4398 866 4484 usurpatum-
