3402 5172
849 291 889 354 72

219 493 397 556 amnestiae
426 492 536 572 pactio
566 490 711 553 nondum
736 488 822 554 lacta
845 499 922 552 erat.
969 487 1044 570 Qua
1073 490 1116 551 de
1145 511 1258 563 causa,
1291 494 1446 574 quoniam
1471 514 1514 556 ex

223 603 274 666 his
304 603 410 666 verbis
443 603 521 666 certi
557 601 735 682 quidquam
767 601 922 680 cognosci
957 619 1022 662 nou
1053 611 1175 680 potest,
1206 603 1285 683 quid
1319 601 1514 683 significent,

218 723 410 776 econtextu
441 715 671 776 sententiarum
703 711 924 793 quaerendum
953 721 1012 776 est.
1038 711 1056 794 ξ
1081 726 1132 787 23,
1157 729 1264 791 equa
1287 713 1389 776 verba
1412 733 1513 795 supra

218 823 350 886 laudata
379 825 512 904 sumpsi,
543 822 620 886 nihil
653 821 811 898 continet,
841 821 932 902 quod
963 821 1144 884 necessario
1172 822 1214 884 de
1237 824 1398 886 amnestia
1422 823 1513 886 intel-

217 933 389 1015 legendum
423 935 474 1007 sit,
510 953 585 996 nam
620 931 797 994 concordia
830 931 895 992 iam
930 931 1019 1009 pacis
1051 931 1201 993 condicio
1236 930 1311 1006 luit,
1349 952 1447 1012 quae,
1484 933 1512 994 si
1538 923 1546 937 ’

217 1043 426 1106 metuendum
442 1055 520 1116 erat,
539 1061 579 1105 ne
594 1043 789 1110 turbaretur,
813 1042 942 1120 saepius
957 1041 1064 1103 bonus
1078 1041 1158 1102 civis
1173 1041 1264 1122 pacis
1280 1043 1516 1104 condicionum

215 1129 421 1216 accusatores
450 1153 667 1217 admonuerit.
722 1150 815 1230 Quae
845 1151 960 1216 eadem
983 1149 1122 1213 dicenda
1143 1160 1219 1212 sunt
1243 1151 1285 1214 de
1308 1154 1329 1232 ξ
1354 1154 1406 1225 28,
1430 1172 1515 1233 quae

217 1274 265 1326 est
297 1263 377 1326 alter
412 1284 430 1325 e
463 1265 567 1326 tribus
590 1262 649 1324 illis
681 1261 779 1331 locis,
818 1270 917 1341 atque
949 1262 1047 1323 etiam
1070 1261 1087 1344 ξ
1113 1276 1172 1338 30,
1197 1261 1229 1322 iu
1251 1282 1317 1343 qua
1336 1262 1516 1324 amnestiae

216 1373 371 1436 indicium
401 1374 544 1436 inveniat
573 1373 663 1454 quis,
699 1371 740 1432 de
771 1371 840 1432 sola
870 1389 952 1450 pace
975 1369 1117 1450 intellegi
1147 1382 1268 1453 potest.
1315 1372 1443 1452 Quodsi
1464 1371 1515 1434 his

216 1481 295 1546 locis
325 1484 458 1566 probari
494 1503 559 1546 non
590 1491 702 1562 potest
734 1492 810 1562 post
838 1481 1032 1544 amnestiam
1062 1481 1306 1562 promulgatam
1336 1480 1422 1543 hanc
1444 1501 1514 1544 ora-

219 1595 342 1656 tionem
364 1593 508 1656 habitam
531 1613 612 1666 esse,
636 1592 678 1652 de
694 1591 853 1654 amnestia
868 1590 982 1652 melius
997 1590 1227 1671 intelleguntur
1241 1593 1342 1654 verba
1358 1593 1515 1654 orationis

218 1713 371 1778 extrema,
397 1705 549 1786 equibus
565 1712 702 1786 apparet
718 1722 759 1764 eo
776 1701 897 1763 iudices
912 1701 1003 1782 pacis
1019 1702 1229 1764 condiciones
1245 1712 1278 1764 et
1295 1702 1515 1764 iusiurandum

218 1815 362 1888 laedere,
388 1817 425 1877 si
456 1825 592 1896 propter
624 1813 766 1875 lacinora
795 1821 871 1874 ante
902 1812 1076 1874 commissa
1113 1811 1262 1873 homines
1291 1813 1323 1872 in
1359 1813 1512 1874 iudicium

217 1935 347 2002 vocant,
371 1925 461 2007 quod
484 1925 644 1987 amnestia
667 1923 800 1985 demum
824 1921 954 1984 decreta
977 1922 1094 1984 diserte
1118 1923 1257 1984 vetitum
1281 1931 1360 1987 erat.
1405 1921 1538 2005 Quam,

218 2036 261 2098 ob
286 2056 354 2098 rem
377 2009 475 2100 etiarn
500 2036 594 2097 nobis
616 2033 826 2096 statuendum
850 2040 900 2093 cst
922 2042 998 2113 post
1023 2033 1216 2094 amnestiam
1240 2033 1406 2094 decretam
1429 2032 1515 2094 hanc

218 2147 399 2209 orationem
420 2145 566 2208 habitam
588 2165 670 2216 esse,
695 2143 840 2224 sequitur
862 2143 967 2221 igitur,
993 2151 1029 2203 ut
1050 2142 1145 2206 nobis
1167 2143 1458 2204 demonstrandum
1472 2144 1515 2206 sit

218 2267 274 2319 aut
306 2256 387 2320 salso
416 2266 473 2318 aut
502 2265 590 2318 certe
619 2274 684 2316 non
708 2253 891 2315 necessario
915 2254 945 2314 ei
968 2253 1119 2333 tempori,
1144 2253 1234 2334 quod
1258 2254 1341 2316 inter
1362 2253 1514 2318 exsulum

218 2368 357 2430 reditum
382 2376 415 2429 et
438 2365 557 2429 bellum
583 2364 780 2427 Eleusinium
806 2362 931 2426 finitum
955 2364 1156 2426 interiectum
1181 2374 1239 2436 est,
1277 2363 1359 2426 hanc
1379 2385 1513 2428 causam

220 2499 239 2540 a
263 2475 423 2540 Grossero
446 2478 600 2540 tributam
626 2496 705 2538 esse.

326 2589 435 2670 Quam
457 2608 525 2650 rem
547 2608 649 2669 parva
672 2607 772 2670 opera
794 2586 948 2670 expedire
968 2604 1109 2667 possem,
1134 2586 1162 2646 si
1184 2605 1231 2658 ea,
1250 2586 1368 2666 quibus
1385 2584 1515 2649 Stutzer

221 2700 454 2763 demonstravit
477 2719 542 2762 non
567 2708 698 2770 certum,
724 2698 781 2760 sed
804 2706 915 2759 tamen
939 2694 1108 2758 verisimile
1132 2716 1202 2758 esse
1226 2696 1309 2758 hanc
1331 2698 1513 2760 orationem

217 2809 365 2874 habitam
402 2830 489 2884 esse,
529 2819 705 2891 postquam
739 2808 864 2870 Eleusis
898 2816 1088 2888 recuperata
1122 2817 1216 2880 esset,
1252 2827 1325 2869 mea
1359 2807 1510 2874 facerem.

221 2920 378 2984 Attamen
401 2920 466 2984 hoc
489 2919 596 2983 facere
620 2940 685 2983 non
709 2920 824 2993 aude0‚
850 2919 926 3002 quia
950 2939 1073 2992 vereor,
1098 2938 1140 2979 ne
1156 2916 1295 2981 Stutzeri
1312 2921 1513 3000 argumentis

219 3028 365 3094 Grosseri
390 3031 550 3095 sententia
573 3030 734 3114 plerisque
756 3031 832 3092 viris
854 3031 959 3094 doctis
983 3049 1048 3090 non
1070 3027 1207 3092 refutata
1224 3030 1380 3103 videatur,
1406 3049 1513 3112 neque

218 3143 295 3215 scio,
319 3162 360 3205 an
383 3143 454 3224 ipsc
477 3142 545 3203 eius
567 3141 641 3204 loco
658 3139 852 3204 Grosserum
875 3150 1043 3204 secuturus
1067 3138 1190 3212 luerim,
1216 3140 1339 3222 quippe
1358 3141 1448 3202 cuius
1472 3141 1513 3202 de

218 3251 279 3316 hac
302 3252 382 3315 orati
390 3272 453 3314 one
476 3253 718 3325 commentatio,
744 3252 1014 3335 quamvismagni
1032 3273 1156 3315 errores
1168 3272 1234 3313 non
1258 3251 1371 3324 desint,
1397 3253 1513 3314 ceteris

218 3364 260 3426 sit
293 3364 362 3424 sine
396 3361 498 3425 dubio
533 3362 654 3426 melior.
704 3363 855 3426 Stutzero
890 3362 977 3424 enim
1012 3364 1200 3442 contingere
1236 3382 1300 3424 non
1325 3363 1452 3442 potuit,
1478 3372 1513 3425 ut

218 3472 367 3536 Grosseri
390 3474 583 3536 sententiam
607 3473 774 3547 refelleret,
792 3474 869 3555 quia
885 3473 917 3535 in
933 3493 973 3535 ea
988 3475 1188 3555 quaestione,
1206 3493 1224 3534 a
1240 3493 1304 3556 qua
1319 3471 1514 3534 ordiendum

218 3593 297 3656 erat,
322 3603 438 3666 parum
462 3593 609 3646 versatus
632 3594 666 3646 et
689 3585 759 3666 ipse
779 3584 840 3645 sibi
863 3585 1023 3664 persuasit
1045 3583 1095 3645 bis
1118 3583 1310 3646 amnestiam
1335 3581 1510 3656 decretam,

218 3695 434 3775 trigintaviros
458 3714 572 3757 omnes
594 3716 654 3776 per
676 3695 806 3757 insidias
829 3693 1033 3767 interlectos,
1066 3694 1305 3757 undecimviros
1330 3701 1362 3756 et
1386 3693 1514 3756 decern-

218 3805 305 3868 viros
328 3805 487 3867 amnestia
511 3805 588 3867 data
612 3807 691 3868 urbe
710 3814 858 3887 receptos
880 3825 961 3867 esse.
1002 3803 1130 3886 Quibus
1147 3803 1309 3866 concessis
1327 3804 1512 3886 complures

218 3917 373 3978 orationis
404 3914 465 3977 loci
494 3915 550 3976 vix
580 3915 679 3989 aliter,
712 3936 811 3997 quam
845 3913 981 3978 Grosser
1010 3916 1238 3996 interpretatus
1270 3922 1327 3984 est,
1366 3914 1507 3995 intellegi

217 4035 364 4108 possunt.
417 4026 469 4088 Ex
499 4026 554 4099 eie,
585 4047 670 4107 quae
701 4029 721 4107 β
753 4043 795 4104 24
824 4025 989 4106 leguntur:
1027 4023 1076 4090 »ol
1107 4025 1285 4108 φεύγοντες
1306 4033 1375 4090 τῶν
1398 4020 1511 4088 ἄλλων

218 4139 365 4202 πολιτῶν
394 4128 439 4211 ὡς
474 4137 646 4212 πλείστους
678 4137 732 4200 καί
767 4136 1001 4221 διαβεβλῆσθαι
1036 4137 1090 4199 καὶ
1124 4133 1307 4219 ἠτιμῶσθαι
1334 4135 1510 4215 βούλονται

217 4244 407 4330 ἐλπίζοντες
429 4244 507 4322 τοὺς
529 4241 587 4328 ὑφ’
610 4243 702 4331 δμῶν
725 4243 955 4330 ἀδικουμένους
987 4241 1114 4320 ἑαυτοῖς
1148 4243 1279 4310 ἔσεσθαι
1303 4245 1508 4330 συμμάχουςτ

218 4377 323 4439 neque
347 4358 453 4420 minus
476 4377 494 4419 e
518 4359 535 4442 β
559 4358 599 4424 6:
628 4355 752 4423 »ἱκανοί
775 4355 838 4443 γὰρ
861 4356 891 4423 οἱ
912 4353 1117 4442 ὑπάρχοντες
1140 4355 1252 4441 ἐχθροὶ
1275 4360 1316 4440 τῇ
1339 4357 1432 4422 πόλει
1455 4358 1509 4422 καὶ

216 4467 296 4552 μέγα
322 4467 434 4552 κέρδος
457 4469 643 4551 νομίζοντες
667 4463 748 4534 εἶναι
771 4467 849 4543 τοὺς
871 4465 992 4543 ἀδίκως
1012 4467 1048 4532 ἐν
1070 4480 1142 4543 ταῖς
1166 4468 1328 4548 διαβολαῖς
1349 4471 1509 4550 καθεστη-
