3402 5172
734 1333 993 1443 Praefatio

316 1547 336 1625 ξ
366 1561 391 1604 1.
440 1543 617 1622 Quomodo
640 1541 725 1603 bello
749 1541 1028 1624 Peloponnesiaco
1058 1541 1150 1605 finito
1174 1543 1392 1607 Athenienses
1417 1565 1436 1606 a
1459 1544 1511 1607 tri-

211 1655 301 1736 ginta
317 1655 461 1734 tyrannis
478 1674 520 1716 ex
536 1653 614 1714 urbe
633 1651 757 1730 expulsi
774 1653 912 1730 patriam
929 1654 1189 1732 recuperaverint
1205 1663 1237 1716 et
1261 1674 1330 1716 rem
1346 1655 1510 1737 publicam

213 1765 321 1827 denuo
335 1763 540 1852 instituerint,
555 1763 700 1824 oratione
712 1763 867 1824 continua
883 1763 1030 1842 quamvis
1044 1762 1186 1825 breviter
1203 1774 1314 1827 narrat
1325 1764 1511 1844 Xenophon

210 1875 271 1936 sub
304 1873 403 1936 finem
436 1873 566 1935 alterius
595 1871 826 1934 hellenicorum
859 1872 930 1934 libri
953 1880 1052 1952 atque
1084 1873 1182 1934 etiam
1212 1875 1341 1936 brevius
1368 1874 1512 1955 Justinus

212 1985 257 2066 (V
292 1986 343 2066 10)
373 1995 406 2046 et
437 1983 604 2044 Cornelius
631 1982 743 2063 Nepos
774 1982 850 2064 (vita
872 1982 985 2044 Thras
1014 1983 1047 2064 3)
1072 1991 1104 2044 et
1126 1983 1316 2046 brevissime
1347 1981 1511 2046 Diodorus

212 2093 299 2173 (XIV
331 2109 381 2170 33,
413 2095 457 2175 6).
505 2094 680 2154 Praeterea
720 2092 901 2173 permultae
935 2091 1081 2173 singulae
1123 2114 1173 2154 res
1216 2102 1513 2156 commemorantur

211 2204 299 2283 apud
315 2203 456 2283 Lysiam,
475 2202 692 2273 Andocidem,
709 2201 895 2274 Isocratem,
914 2201 1002 2274 alios
1028 2202 1144 2282 quibus
1160 2204 1389 2283 Xenophontis
1406 2223 1510 2265 narra-

210 2314 333 2376 tionem
358 2313 488 2395 explere
516 2332 700 2394 possumus,
737 2311 795 2372 sed
827 2311 853 2372 si
884 2311 1112 2394 Xenophontis
1143 2312 1300 2375 hellenica
1331 2322 1364 2375 et
1396 2312 1512 2394 Justini

211 2422 363 2486 historiae
384 2423 702 2496 deessent,eceteris
725 2421 868 2484 fontibus
888 2441 938 2484 res
954 2443 994 2483 eo
1018 2431 1167 2501 tempore
1198 2431 1306 2502 gestas
1338 2441 1450 2484 eruere
1480 2430 1512 2483 et

212 2543 297 2596 recte
322 2551 519 2614 componere
536 2529 758 2594 difficillimum
782 2541 876 2594 esset.
925 2531 1034 2610 Quam
1056 2532 1191 2593 obrem
1216 2551 1339 2604 omnes,
1364 2531 1420 2613 qui
1444 2530 1511 2592 eius

211 2643 367 2722 temporis
380 2642 549 2704 historiam
571 2650 710 2715 narrant,
728 2661 858 2723 semper
870 2643 912 2704 ad
927 2640 1181 2723 Xenophontem
1198 2650 1333 2720 oportet
1347 2660 1511 2704 recurrere

211 2756 344 2836 eiusque
366 2751 708 2834 narrationemsequi,
733 2773 818 2833 quae
842 2773 914 2814 mea
937 2752 1068 2832 quidem
1092 2751 1253 2814 sententia
1283 2750 1416 2830 indigna
1444 2769 1510 2812 non

212 2875 271 2942 est,
306 2865 355 2926 cui
385 2864 483 2925 iidem
520 2862 699 2924 habeamus
731 2870 764 2923 et
795 2882 894 2942 quam
927 2881 1109 2942 sequamur,
1143 2861 1176 2922 id
1204 2869 1291 2922 certe
1322 2879 1419 2940 spero
1449 2859 1511 2922 hac

212 2975 435 3036 dissertatione
454 2973 665 3055 probaturum
693 2990 745 3033 me
770 2992 840 3033 esse
861 2993 911 3034 res
933 2971 1027 3033 nobis
1047 2970 1231 3032 tractandas
1252 2978 1340 3032 recte
1367 2989 1386 3031 a
1404 2969 1511 3031 Xeno·

212 3085 335 3166 phonte
359 3084 481 3146 narrari
505 3101 698 3161 summaque
723 3101 834 3143 earum
859 3090 1026 3143 momenta
1050 3081 1159 3142 omnia
1182 3089 1269 3142 recte
1292 3079 1435 3144 indicari.

317 3195 506 3276 Priusquam
531 3213 608 3255 vero
625 3191 668 3254 ad
693 3212 759 3253 rem
777 3192 881 3272 ipsam
897 3202 1068 3262 transeam,
1086 3190 1275 3252 brevissime
1295 3188 1511 3268 exponendae

211 3305 287 3367 mihi
313 3315 388 3365 sunt
413 3325 462 3366 res
486 3303 726 3376 antecedentes
754 3323 834 3384 quas
859 3321 990 3364 narrans
1014 3299 1270 3382 Xenophontem
1294 3318 1420 3380 sequar.

318 3412 536 3475 Athenienses
561 3413 685 3494 expulsi
711 3413 917 3493 Thrasybulo
942 3411 1025 3473 duce
1048 3411 1181 3472 Piraeeo
1213 3409 1308 3491 potiti
1332 3408 1512 3490 trigintavi·

211 3541 318 3584 rorum
338 3521 516 3583 exercitum
532 3524 675 3585 vicerant
691 3532 724 3585 et
739 3525 822 3585 duos
840 3521 1012 3602 etriginta,
1030 3519 1162 3582 Critiam
1180 3527 1212 3580 et
1234 3518 1509 3600 Hippomachum,

212 3632 436 3695 interfecerant
460 3633 551 3714 (Xen.
577 3632 647 3695 hell.
675 3633 703 3695 ΙΙ
727 3650 757 3709 4,
786 3634 938 3714 10-19).
985 3631 1112 3712 Quibus
1148 3630 1238 3693 lactis
1270 3631 1301 3691 in
1336 3630 1416 3691 urbe
1441 3629 1511 3710 ipsa

213 3744 296 3805 inter
319 3762 385 3815 eos,
405 3742 436 3803 in
453 3742 571 3822 quibus
587 3743 862 3823 trigintavirorum
878 3742 1049 3822 imperium
1066 3741 1237 3814 nitebatur,
1254 3740 1412 3802 dissensio
1435 3747 1508 3800 orta

212 3837 269 3923 est.
295 3873 369 3915 cum
395 3851 485 3914 multi
509 3860 666 3932 tyrannos
690 3873 787 3934 porro
811 3853 901 3934 sequi
934 3853 998 3913 iam
1029 3851 1160 3914 nollent.
1217 3850 1325 3931 Quam
1361 3849 1404 3910 ob
1442 3867 1511 3910 rem

212 3964 382 4046 imperium
407 3963 452 4024 eis
485 3961 644 4042 abrogare
660 3963 895 4025 constituerunt
918 3971 952 4024 et
967 3963 1081 4023 decem
1098 3960 1176 4023 alios
1200 3969 1368 4043 praetores
1393 3977 1510 4029 creare,

211 4075 266 4154 qui
290 4092 488 4154 quamquam
511 4071 717 4153 trigintaviris
743 4072 844 4133 multo
870 4071 1007 4133 leniores
1032 4080 1130 4144 erant,
1156 4077 1265 4157 tamen
1290 4079 1323 4132 et
1346 4069 1406 4150 ipsi
1424 4067 1506 4150 opti·

212 4183 347 4244 matium
371 4183 456 4264 parti
479 4181 633 4244 favebant
658 4202 763 4263 neque
787 4182 851 4244 ullo
876 4181 976 4244 modo
1000 4179 1127 4242 exsules
1157 4180 1188 4241 in
1212 4180 1325 4242 urbem
1350 4177 1510 4260 recepturi

213 4298 311 4352 erant.
359 4289 506 4370 Triginta
529 4301 640 4354 autem
665 4291 815 4354 Eleusina
851 4312 886 4352 se
922 4289 1136 4361 contulerunt,
1167 4308 1266 4370 quam
1297 4287 1411 4350 urbem
1447 4287 1512 4348 iam

211 4408 307 4462 antea
330 4400 481 4460 trecentis
505 4401 675 4463 Eleusiniis
699 4401 870 4464 crudeliter
894 4399 1095 4482 interemptis
1120 4398 1181 4459 sibi
1205 4405 1409 4479 paraverant.
1457 4394 1511 4458 Sic

211 4509 309 4588 igitur
325 4506 436 4569 Attica
453 4515 518 4568 tres
542 4510 697 4573 factiones
721 4511 1018 4592 complectebatur:
1043 4509 1074 4568 in
1098 4508 1230 4570 Piraeeo
1255 4515 1348 4568 erant
1371 4504 1509 4573 exsules,
