3402 5172
853 302 889 364 13

767 376 978 386 ————--———

332 500 425 579 Quae
439 498 547 560 omnia
559 498 683 577 optime
699 507 882 580 congruunt
898 520 971 560 cum
989 501 1044 573 eis,
1063 520 1146 580 quae
1162 501 1249 581 apud
1266 500 1520 582 Xenophontem

225 618 351 672 narrata
375 608 563 672 invenimus.
621 605 774 670 Alfirmat
800 607 965 670 Diodorus
994 609 1184 672 Pausaniam
1209 610 1292 672 inter
1320 613 1460 674 urbanos
1490 623 1524 676 et

223 719 359 790 exsules,
378 719 433 799 qui
449 718 536 800 apud
554 737 627 779 eum
646 737 710 778 non
727 727 885 779 vocantur
901 715 930 781 oi
946 715 982 780 ἐκ
999 722 1081 803 (τοῦ)
1097 712 1210 794 ἄστεος
1222 731 1255 783 et
1267 719 1297 785 ol
1313 719 1349 784 ἐκ
1361 723 1523 804 (conluu-

222 837 321 914 ραιῶς
351 830 419 892 sive
449 826 478 891 ol
507 825 543 890 ἐι)
567 828 640 909 (rqi)
664 817 752 889 ἄστει
783 836 816 889 et
838 825 867 890 oi
898 825 934 890 ἐι·
957 830 1028 912 (τῷ)
1057 833 1209 912 Πειραιεῖ,
1241 832 1359 910 quibus
1388 833 1524 895 vocibus

222 938 414 1018 Xenophon
438 948 471 1000 et
494 947 641 999 oratores
665 935 723 997 has
747 937 827 998 duas
843 947 951 1016 partes
974 939 1139 1019 appellare
1162 939 1276 1013 solent,
1303 941 1362 1002 sed
1384 938 1415 1004 oi
1430 940 1466 1004 ἐν
1480 945 1521 1024 τῇ

186 1057 191 1066 ’
221 1049 316 1113 πόλει
340 1057 372 1110 et
388 1046 417 1112 ol
434 1043 585 1130 φυγάδες,
602 1065 718 1126 pacem
735 1046 955 1110 conciliavisse
971 1057 1003 1109 et
1017 1049 1108 1110 addit
1124 1049 1263 1111 eandem
1283 1051 1519 1127 condicionem,

222 1179 320 1240 quam
344 1168 473 1238 praeter
498 1156 751 1239 Xenophontem
774 1167 807 1219 et
830 1158 1013 1220 Diodorum
1037 1177 1134 1220 nemo
1156 1157 1299 1232 exhibet,
1327 1179 1390 1239 qua
1422 1163 1521 1222 omni·

219 1271 290 1344 bus,
317 1270 370 1349 qui
395 1270 426 1330 in
442 1269 521 1329 urbe
539 1287 705 1330 remanere
733 1287 797 1328 non
814 1267 979 1340 auderent,
997 1264 1150 1331 Eleusina
1166 1289 1203 1330 se
1225 1267 1372 1332 conferre
1393 1270 1519 1334 licebat.

220 1381 338 1442 Mirum
361 1388 471 1440 autem
501 1386 550 1440 est
579 1377 620 1438 de
651 1367 713 1451 eis,
738 1396 821 1456 quae
849 1376 967 1438 deinde
997 1379 1143 1440 evenisse
1178 1378 1364 1461 Xenophon
1399 1390 1433 1442 et
1467 1381 1520 1443 alii

220 1491 358 1562 tradant,
384 1487 568 1550 Diodorum
592 1488 668 1549 nihil
691 1488 826 1560 tradere,
858 1505 964 1565 neque
996 1486 1070 1549 belli
1093 1488 1247 1550 Eleusinii
1280 1508 1389 1568 neque
1411 1510 1519 1553 amne-

191 1621 196 1628 ’
218 1601 300 1674 stiae
323 1600 474 1661 decretae
499 1598 698 1659 mentionem
722 1617 796 1658 eum
822 1596 934 1658 lacere.
984 1597 1201 1676 Quinetiam,
1227 1597 1284 1658 nisi
1318 1598 1404 1661 illam
1429 1601 1519 1683 pacis

219 1709 444 1772 condicionem
461 1707 639 1779 exhiberet,
657 1707 790 1768 omnino
807 1726 872 1768 non
889 1707 1043 1768 indicaret
1059 1707 1211 1769 Eleusine
1230 1707 1261 1769 in
1288 1709 1366 1771 urbe
1383 1710 1518 1772 alteram

219 1819 337 1881 civium
360 1817 534 1880 factionem
563 1815 670 1888 fuisse,
703 1836 777 1878 nam
807 1817 904 1879 etiam
934 1817 966 1877 in
996 1820 1016 1896 ξ
1042 1829 1056 1894 5
1086 1816 1192 1879 solum
1215 1818 1309 1884 dicit:
1343 1818 1439 1894 »τοὺς
1462 1820 1521 1902 μὲν

218 1925 395 2013 τριάκοντα
417 1929 476 2012 τῆς
499 1921 597 2010 ἀρχῆς
621 1925 806 2000 παύσαντες
822 1925 858 1990 ἐκ
873 1928 934 2011 τῆς
949 1924 1077 1999 πόλεως
1092 1924 1309 2010 ἐξιίιεμψανι,
1331 1948 1396 2008 quo
1417 1930 1518 2003 ierint,

219 2060 284 2102 non
307 2039 406 2100 addit.
454 2037 569 2118 Neque
592 2046 709 2119 postea
731 2037 959 2115 comperimus
984 2037 1153 2117 quomodo
1176 2036 1256 2099 haec
1278 2039 1417 2100 civitatis
1443 2059 1517 2118 pars

218 2170 293 2212 curn
316 2149 431 2210 ceteris
457 2145 709 2209 Atheniensibus
732 2147 763 2205 in
789 2165 884 2206 unam
918 2146 1091 2208 civitatem·
1113 2147 1317 2209 reconciliata
1345 2148 1395 2221 sit,
1429 2149 1517 2228 quod

218 2261 287 2322 sine
311 2259 412 2320 dubio
437 2257 603 2318 Diodorus
633 2257 703 2335 ipse
735 2256 802 2316 sive
832 2275 938 2317 errore
967 2257 1035 2317 sive
1075 2276 1178 2335 pravo
1209 2257 1377 2319 brevitatis
1408 2259 1516 2319 studio

217 2369 335 2442 omisit,
361 2388 445 2440 nam,
471 2367 496 2428 si
520 2366 653 2428 omnino
677 2386 743 2429 non
765 2373 908 2427 narraret
933 2365 1065 2427 alteram
1088 2366 1263 2429 factionem
1294 2366 1447 2428 Eleusina
1480 2387 1515 2430 se

218 2478 400 2550 contulisse,
426 2478 491 2538 iarn
515 2477 583 2538 eius
605 2476 703 2537 fontis
726 2476 805 2537 haec
829 2476 971 2537 brevitas
994 2474 1091 2538 fuisse
1115 2487 1237 2556 posset,
1260 2477 1319 2540 sed
1349 2477 1425 2557 quia
1453 2477 1516 2539 hoc

217 2589 364 2650 additum
389 2596 447 2660 est,
472 2584 735 2648 verisimillimum
759 2593 808 2646 est
835 2585 1017 2647 Diodorum
1048 2586 1164 2665 ipsum,
1196 2607 1261 2649 non
1292 2588 1359 2650 eius
1392 2588 1515 2650 fontem

219 2699 409 2780 neglexisse,
436 2696 515 2777 quid
537 2696 579 2757 de
601 2695 662 2756 hac
686 2695 803 2756 civium
827 2705 918 2776 parte
942 2695 1061 2758 factum
1085 2706 1179 2759 esset.
1224 2767 1226 2774 ,

323 2809 397 2888 Qua
421 2808 546 2869 ratione
570 2806 601 2866 in
632 2805 850 2886 suspicionem
881 2805 1029 2867 inductus
1060 2827 1149 2880 sum,
1181 2827 1279 2889 quam
1312 2808 1514 2890 supprimere

217 2921 302 2993 nolu,
343 2936 541 2999 quamquam
566 2934 670 2994 neque
695 2914 773 2975 mihi
797 2914 856 2992 ipsi
881 2915 976 2993 plane
1001 2925 1049 2977 est
1072 2918 1212 2995 probata
1236 2937 1341 2997 neque
1365 2916 1417 2979 ulli
1445 2918 1513 2979 viro

216 3031 315 3092 docto
331 3029 467 3092 fortasse
484 3027 578 3108 plane
595 3024 795 3106 probabitur.
841 3025 1005 3085 Diodorus
1029 3027 1060 3088 in
1082 3027 1188 3109 capite
1212 3028 1358 3106 sequenti
1381 3047 1513 3090 narrans

215 3140 448 3222 Cyrenensium
471 3138 552 3198 duas
574 3135 730 3198 factiones
752 3154 869 3216 pacem
892 3135 976 3196 inter
998 3156 1033 3196 se
1056 3136 1170 3199 iecisse
1185 3137 1292 3203 addit:
1321 3139 1394 3201 »καὶ
1409 3161 1511 3222 παρα-

212 3254 318 3336 χρῆμα
342 3242 632 3332 ὁρκισμοιὴσαντις
648 3242 692 3329 μὴ
706 3245 958 3327 μνησικακήσειν
972 3247 1066 3327 κοινῇ
1082 3245 1144 3329 τὴν
1162 3244 1265 3309 πόλιν
1280 3243 1511 3330 κατῴκησανι,

215 3362 301 3423 idem
318 3361 416 3440 igitur
432 3358 520 3437 quod
533 3355 751 3418 Athenienses
768 3353 852 3416 bello
865 3355 1030 3417 Eleusinio
1045 3354 1137 3416 finito
1154 3356 1378 3418 reconciliatos
1396 3356 1510 3420 fecisse

215 3473 246 3533 in
270 3470 384 3552 capitis
407 3466 628 3530 antecedentis
651 3464 714 3526 fine
738 3464 932 3524 narrandum
955 3473 1032 3528 erat.
1079 3465 1214 3526 Etiamsi
1239 3466 1327 3545 apud
1351 3465 1510 3546 Cyrenen·

214 3596 266 3640 ses
297 3577 391 3659 plane
420 3575 507 3636 idem
541 3572 687 3634 accidere
722 3574 846 3651 potnit,
882 3582 991 3635 tamen
1021 3594 1131 3636 secum
1163 3584 1316 3657 reputans
1345 3575 1443 3638 talem
1480 3596 1510 3640 a·

215 3688 387 3749 mnestiam
422 3684 510 3765 apud
544 3684 696 3761 antiquos
732 3702 837 3762 paene
867 3683 1048 3744 inauditum
1072 3683 1191 3763 aliquid
1216 3704 1287 3746 esse
1311 3694 1344 3746 et
1367 3685 1510 3749 maxime

214 3818 286 3860 eam
309 3796 353 3858 ob
377 3812 507 3856 causam
531 3793 722 3864 mirandum,
747 3794 774 3854 si
798 3793 863 3854 lere
886 3794 1004 3855 eodem
1037 3803 1185 3875 tempore
1209 3794 1275 3855 duo
1308 3795 1420 3873 populi
1451 3795 1510 3857 dis·

214 3907 342 3970 cordias
366 3904 531 3967 intestinas
554 3921 592 3962 ea
616 3902 746 3964 decreta
777 3903 945 3975 liniverint,
979 3925 999 3965 a
1030 3905 1177 3966 Diodoro
1209 3913 1319 3965 autem
1351 3904 1511 3968 eiusmodi

214 4037 339 4080 errores
362 4015 484 4076 alienos
508 4032 573 4073 non
596 4031 668 4072 esse
691 4013 842 4074 coniiciat
865 4013 936 4091 quis
968 4032 1053 4084 eum,
1078 4033 1162 4094 quae
1195 4014 1227 4076 in
1257 4013 1346 4075 fonte
1375 4034 1437 4076 suo
1470 4015 1510 4076 de

214 4124 470 4188 Atheniensibus
494 4129 623 4183 narrata
641 4121 807 4194 invenerit,
833 4121 875 4192 ad
899 4119 1131 4202 Cyrenensium
1148 4123 1376 4186 condicionem
1391 4123 1509 4185 similli-

214 4256 300 4298 mam
325 4253 434 4295 errore
458 4232 663 4295 transtulisse.

319 4344 433 4422 Neque
457 4342 582 4404 silentio
607 4341 933 4421 praetermittendum
957 4350 1016 4414 est,
1041 4341 1189 4421 quamvis
1213 4341 1245 4402 in
1278 4350 1389 4402 nostra
1413 4359 1509 4420 quae·

211 4457 315 4523 stione
337 4451 429 4542 parvi
452 4450 494 4514 sit
518 4452 682 4530 momenti,
708 4450 893 4518 Diodorum
910 4452 1028 4526 omnia,
1052 4470 1137 4532 quae
1153 4451 1194 4512 de
1213 4450 1352 4515 Athenis
1370 4451 1509 4536 receptis
