3402 5172
675 291 966 400 929-

207 534 289 598 pace
321 515 473 594 egissent,
504 514 535 576 in
564 513 631 574 eius
663 505 767 577 verba
791 515 953 583 iuravisse.
984 513 1043 576 sed
1067 514 1262 574 urbanorum
1286 510 1450 592 legatione
1472 510 1505 572 in
1576 565 1585 578 .

206 624 378 686 Piraeeum
403 635 436 688 et
460 623 608 686 exsulum
632 625 663 686 in
688 625 801 686 urbem
824 625 921 686 missa
946 643 1060 687 omnes
1091 623 1258 706 utriusque
1288 623 1388 706 partis
1422 621 1509 686 viros

208 735 413 796 iureiurando
437 736 610 798 obstrictos
627 755 706 796 esse.
754 735 850 814 Quae
874 735 1033 798 sententia
1056 734 1202 796 firmatur
1225 733 1280 805 εἰς,
1305 753 1388 812 quae
1404 731 1504 802 Thra·

208 844 342 925 sybulus
374 846 405 928 (§
434 849 489 930 42)
519 865 596 907 suos
626 843 718 906 huius
750 846 952 908 iurisiurandi
985 844 1283 908 commonefaciens
1313 843 1405 908 dicit:
1442 831 1508 904 »ὧν

209 951 419 1038 ὀμωμόκατε(
447 964 479 1017 et
514 952 661 1040 »εὔορκοι
693 955 747 1018 καὶ
779 948 860 1020 ὅσιοί
892 952 994 1021 ioca«.
1044 954 1143 1017 Cuius
1176 953 1377 1016 iurisiurandi
1409 953 1509 1014 verba

209 1085 294 1149 quae
318 1065 445 1137 suerint.
470 1066 604 1128 inveniri
628 1087 693 1128 non
726 1075 846 1147 potest,
872 1065 957 1149 quia,
992 1066 1051 1128 nisi
1076 1065 1158 1128 sorte
1182 1064 1371 1126 Andocides
1395 1065 1409 1125 1
1437 1079 1507 1141 103,

208 1175 295 1238 haud
319 1177 386 1239 scio
409 1197 450 1238 an
474 1197 570 1239 nemo
594 1177 662 1238 eius
686 1176 783 1239 faciat
804 1178 1013 1239 mentionem.
1058 1176 1186 1238 Eodem
1212 1185 1322 1238 autem
1345 1173 1446 1236 modo
1470 1194 1509 1238 ac

209 1308 307 1370 snpra
336 1289 367 1369 (ξ
399 1289 429 1370 7)
460 1287 753 1350 demonstravimus
782 1286 877 1349 huius
909 1288 997 1367 pacis
1028 1288 1274 1351 condicionibus
1304 1307 1369 1349 non
1404 1285 1510 1348 solum

209 1399 423 1459 constitutum
439 1418 520 1471 esse,
546 1418 631 1482 quae
648 1398 730 1459 natio
747 1399 912 1460 exsulibus
935 1419 1009 1460 cum
1027 1399 1158 1461 urbanis
1183 1399 1396 1462 intercessura
1411 1405 1507 1467 esset,

208 1509 266 1570 sed
291 1509 389 1584 etiam
413 1527 498 1590 quae
523 1509 667 1591 utrisque
701 1528 774 1570 cum
798 1509 1076 1583 Lacedaemoniis
1110 1530 1195 1572 nunc
1226 1509 1437 1572 statuendum
1461 1516 1510 1569 est

209 1619 325 1680 eodem
350 1619 565 1691 iureiurando,
591 1620 681 1702 quod
706 1619 746 1680 de
771 1619 1015 1682 condicionibus
1050 1620 1225 1694 dedissent,
1252 1630 1406 1704 utrosque
1430 1599 1509 1698 erga

208 1728 487 1792 Lacedaemonios
518 1730 693 1792 obstrictos
726 1750 798 1792 esse
828 1740 860 1792 et
892 1751 953 1791 suo
984 1730 1187 1792 iureiurando
1219 1728 1507 1800 Lacedaemonios,

164 1897 173 1910 ,
210 1859 350 1923 quorum
372 1861 483 1921 regem
500 1850 533 1902 et
556 1838 697 1921 ephoros
719 1840 801 1902 duos
823 1850 856 1901 et
879 1842 1004 1921 legatos
1035 1839 1222 1924 quindecim
1244 1840 1396 1902 iuravisse
1418 1819 1523 1922 puta-¹

208 1950 324 2024 verim,
357 1971 435 2030 erga
465 1951 684 2014 Athenienses
714 1950 968 2032 coniungendos.
1018 1952 1102 2013 Nam
1132 1949 1231 2012 etiam
1260 1949 1323 2011 hoc
1355 1957 1507 2032 oportere

210 2058 330 2120 factum
366 2081 445 2134 esse,
482 2071 659 2140 antequam
694 2081 729 2122 se
765 2062 1000 2142 coniungerent
1036 2071 1068 2122 et
1101 2061 1147 2123 sic
1183 2079 1299 2141 pacem
1332 2059 1507 2132 efficerent,

212 2179 362 2248 apertum
386 2181 444 2238 est.
1082 2147 1089 2159 ⁸

314 2281 463 2344 Pluribus
487 2282 594 2344 verbis
617 2283 736 2345 deinde
751 2280 888 2344 Grosser
914 2282 1041 2344 disserit
1062 2282 1104 2344 de
1125 2280 1354 2362 Xenophontis
1377 2280 1502 2342 verbis:

211 2389 256 2454 »εἰ
279 2390 314 2454 δέ
335 2415 421 2466 τινες
444 2396 602 2473 φοβοῖντο
624 2401 693 2456 τῶν
716 2391 749 2476 ἐξ
779 2387 905 2470 ἄστεος,
930 2389 1038 2475 ἔδοξεν
1070 2388 1181 2466 αὐτοῖς
1207 2386 1371 2456 Ἐλευσῖνα
1399 2413 1504 2454 κατοι-

206 2514 307 2576 κεονα,
344 2521 428 2586 quae
458 2503 555 2565 docet
591 2524 656 2565 non
692 2504 890 2567 condicionis
926 2523 997 2567 esse
1029 2512 1165 2587 partem,
1199 2523 1296 2585 quam
1330 2523 1390 2564 nos
1412 2521 1511 2586 supra

208 2613 239 2694 (ᾖ
266 2614 298 2694 2)
322 2610 496 2676 habuimus
519 2624 551 2676 et
574 2634 687 2677 omnes
711 2625 786 2677 ante
811 2635 888 2676 eum
916 2614 1108 2687 habuerunt,
1140 2615 1198 2675 sed
1222 2614 1386 2694 scriptoris
1409 2613 1508 2696 ipsius

208 2726 479 2798 enunciationem,
513 2745 611 2808 quarn
643 2726 837 2787 sententiam
867 2726 1068 2808 probandam
1098 2745 1162 2786 non
1193 2744 1274 2798 esse,
1309 2743 1508 2809 quamquam

207 2833 336 2896 Curtius
359 2835 376 2897 l.
403 2837 422 2899 l.
452 2835 494 2897 Ill
517 2857 549 2918 p.
576 2849 638 2915 753
671 2844 780 2898 annot.
813 2852 853 2896 22
879 2856 953 2897 eam
984 2836 1155 2915 acceperit,
1183 2837 1239 2897 vix
1269 2844 1327 2907 est,
1361 2835 1505 2897 cur'de2

208 2954 413 3020 monstretur,
440 2947 514 3028 quia
539 2967 604 3027 ego
628 2947 761 3028 quidem
786 2946 1009 3020 dubitaverim,
1036 2967 1113 3008 num
1137 2955 1267 3028 praeter
1290 2945 1437 3008 Curtium
1454 2944 1506 3006 ulli

208 3057 277 3118 viro
303 3056 401 3119 docto
425 3065 480 3119 aut
503 3057 662 3138 placuerit
685 3067 741 3118 aut
764 3076 919 3138 umquam
944 3057 1071 3139 placere
1094 3057 1207 3139 possit,
1233 3077 1309 3120 nam
1325 3056 1508 3138 complures

206 3176 239 3228 ct
262 3186 399 3246 magnae
423 3165 628 3230 difficultates
652 3169 680 3230 ei
705 3167 846 3240 obstant,
872 3188 987 3248 proca
1003 3189 1043 3230 ne
1067 3187 1166 3229 unum
1182 3168 1314 3248 quidem
1335 3187 1504 3248 argumen-

206 3287 274 3338 tum
299 3286 386 3338 recte
410 3275 514 3338 afferri
538 3287 655 3360 potest.
706 3278 740 3341 Si
763 3278 845 3340 haec
868 3278 968 3341 verba
984 3279 1183 3340 condicionis
1206 3299 1286 3359 pars
1307 3298 1371 3340 non
1389 3285 1505 3349 essent,

209 3387 292 3449 male
316 3388 441 3468 positus
473 3398 559 3452 esset
589 3389 753 3471 optativus
783 3392 948 3470 φοβοῖντο,
974 3389 1033 3451 sed
1064 3391 1218 3471 quoniam
1240 3409 1290 3450 res
1320 3409 1396 3450 vere
1421 3387 1506 3450 sacta

205 3507 275 3559 tum
299 3498 439 3560 indicata
463 3509 558 3573 esset,
595 3500 786 3562 indicativus
815 3499 1020 3562 adhibendus
1054 3499 1125 3573 fuit,
1161 3519 1368 3581 nequaquam
1398 3506 1506 3562 autem

206 3607 267 3669 dici
289 3609 398 3690 potuit
421 3604 542 3686 αὐτοῖς,
567 3611 656 3692 quod
679 3611 721 3671 ad
744 3609 831 3684 τινές
857 3609 965 3672 relerri
989 3630 1053 3673 non
1071 3620 1189 3693 potest,
1208 3611 1240 3673 id
1258 3611 1347 3692 quod
1369 3608 1507 3673 Grosser

207 3720 277 3800 ipse
298 3720 388 3792 vidit,
414 3720 471 3780 sed
500 3741 572 3781 cum
602 3741 642 3783 eo
676 3717 837 3795 ›nitror‘cu
868 3721 959 3802 quod
982 3740 1097 3783 omnes
1129 3722 1258 3784 codices
1282 3721 1448 3803 praebent,
1475 3720 1507 3782 in

209 3828 374 3904 »τούτοιςι
402 3840 528 3893 mutare
552 3840 602 3893 est
630 3831 817 3894 coniectura
850 3833 1012 3906 audacior,
1048 3852 1148 3914 quam
1181 3854 1265 3915 quae
1281 3832 1389 3895 ¹nulla·
1410 3851 1509 3894 causa-

204 3949 342 4020 cogente
367 3940 493 4002 admitti
516 3944 627 4022 possit.
676 3942 849 4004 Praeterea
873 3944 973 4005 verba
1004 3945 1074 4023 ipsa
1106 3945 1185 4005 satis
1216 3942 1507 4006 ostendunt-hanc

205 4071 276 4112 esse
299 4052 387 4132 pacis
412 4053 648 4126 condicionem,
675 4073 749 4114 nam
774 4053 807 4113 in
830 4073 863 4114 re
886 4073 964 4116 vera
981 4062 1106 4116 narrata
1131 4071 1235 4135 neque
1255 4053 1415 4116 sententia
1431 4072 1504 4114 cona

205 4160 372 4222 dicionalis
396 4174 472 4244 apta
505 4174 553 4225 est
583 4183 688 4245 neque
720 4165 855 4226 verbum
890 4161 1046 4248 »i'dogan
1077 4165 1135 4227 sed
1165 4163 1429 4226 verisimillimum
1458 4173 1508 4226 est

204 4281 274 4332 tum
298 4292 373 4333 eum
390 4275 576 4354 simpliciter
588 4285 789 4337 narraturum
807 4274 921 4342 fuisse:
939 4273 1145 4360 κατῴκησαν.
1193 4275 1329 4355 Quibus
1344 4274 1385 4336 de
1401 4274 1506 4336 causis

204 4382 230 4442 si
255 4379 402 4443 Grosseri
427 4387 587 4448 sententia
610 4387 783 4449 reiicienda
805 4397 863 4461 est,
897 4409 1003 4469 neque
1033 4387 1064 4449 in
1095 4406 1244 4448 connexu
1275 4405 1381 4446 reruni
1417 4384 1515 4466 quid-¹

206 4513 302 4574 quam
326 4492 420 4566 inest,
446 4496 534 4574 quod
559 4496 723 4577 impediat,
750 4499 921 4579 quominus
944 4519 963 4560 a
987 4497 1228 4581 paciscentibus
1258 4495 1328 4556 hoc·
1344 4503 1505 4556 statutum
