3402 5172
453 1404 710 1512 Excursus
748 1405 811 1510 ad
852 1430 1000 1544 caput
1037 1406 1262 1542 primum.

319 1637 345 1716 ξ’
362 1652 392 1715 9.
441 1635 567 1716 Quibus
590 1639 747 1721 expositis
770 1642 845 1702 addi
869 1645 1000 1718 oportet
1016 1637 1325 1701 commentationem
1349 1640 1390 1701 de
1406 1660 1501 1720 quae·

212 1743 370 1807 stionibus
394 1746 562 1821 nonnullis
589 1768 672 1830 quae
693 1750 851 1830 propositi
877 1748 976 1811 nostri
1000 1762 1074 1828 pars
1098 1765 1163 1806 non
1194 1755 1278 1818 sunt,
1311 1747 1428 1827 quibus
1456 1756 1500 1808 ta·

212 1873 285 1916 men
309 1854 463 1934 neglectis
487 1855 528 1918 de
550 1859 646 1919 rebus
669 1860 888 1938 compluribus
910 1867 943 1920 et
973 1857 1018 1918 eis
1049 1854 1143 1917 huius
1174 1855 1406 1918 dissertationis
1437 1876 1500 1918 am·

211 1963 362 2044 plissimis
385 1975 471 2029 recte
494 1964 661 2030 diiudicari
685 1988 750 2030 non
766 1979 884 2050 potest.
931 1967 1074 2030 Maxime
1098 1965 1183 2027 enim
1200 1967 1242 2027 ad
1265 1986 1333 2027 rem
1350 1967 1500 2046 proximo

211 2075 317 2157 capite
347 2077 549 2138 tractandam
579 2086 689 2141 nostra
720 2079 860 2153 interest,
891 2077 1058 2162 quomodo
1091 2097 1156 2158 pax
1185 2077 1341 2139 Pausania
1371 2087 1500 2138 auctore

210 2184 392 2263 composita
416 2185 500 2249 facta
524 2196 556 2249 et
578 2186 722 2271 perfecta
745 2191 794 2264 sit,
819 2165 866 2251 de
884 2208 950 2273 qua
971 2207 1004 2250 re
1026 2188 1114 2266 apud
1138 2187 1310 2269 scriptores
1333 2187 1409 2249 nihil
1435 2187 1500 2249 fere

210 2295 354 2367 traditur,
379 2295 495 2359 deinde
519 2297 597 2381 quid
618 2299 681 2361 sint
715 2291 826 2383 >donor
855 2300 910 2362 καὶ
940 2299 1134 2381 doulam«,
1159 2319 1225 2380 quo
1250 2299 1379 2360 nomine
1403 2317 1502 2379 saepe
1540 2293 1544 2303 '⁴

209 2405 401 2498 amnestiam
425 2409 528 2470 notari
551 2408 614 2470 iam
637 2409 939 2482 demonstravimus,
965 2408 1156 2490 praesertim
1177 2428 1251 2470 cum
1275 2428 1294 2469 a
1318 2407 1498 2470 recentiori·
1584 2387 1587 2406 ¹

209 2515 269 2586 bus
290 2517 367 2578 viris
390 2517 495 2580 doctis
515 2517 596 2580 haec
617 2519 716 2580 verba
746 2519 786 2581 de
819 2518 977 2582 amnestia
1006 2516 1150 2580 adhibita
1179 2517 1259 2580 salso
1291 2518 1497 2600 explicentur.

209 2625 301 2705 Quae
332 2628 538 2707 quaestiones
573 2629 728 2712 quoniam
766 2629 824 2691 nisi
860 2629 928 2691 aliis
959 2628 1062 2710 pactis
1094 2629 1288 2709 comparatis
1320 2627 1400 2690 solvi
1435 2648 1499 2690 non

208 2746 353 2818 possunt,
377 2738 602 2823 inquirendum
627 2739 704 2800 mihi
729 2738 787 2801 fuit
819 2740 849 2800 in
880 2739 1014 2800 aliorum
1038 2745 1207 2820 pactorum
1232 2735 1391 2817 exempla,
1417 2756 1500 2819 quae

209 2865 273 2908 non
297 2846 341 2909 ita
363 2868 469 2929 pauca
492 2849 608 2923 inveni,
633 2868 652 2932 e
674 2850 792 2932 quibus
811 2868 907 2910 unum
931 2848 1023 2930 elegi,
1042 2846 1130 2930 quod
1150 2846 1299 2907 omnibus
1324 2845 1381 2910 illis
1406 2867 1498 2929 quae·

207 2956 366 3019 stionibus
389 2960 572 3040 respondet,
597 2959 687 3042 quod
711 2967 818 3021 exstat
840 2959 929 3040 apud
951 2957 1178 3038 Thucydidem
1201 2956 1247 3018 lV
1275 2972 1454 3036 117-119.

312 3066 522 3149 Thucydides
543 3089 583 3131 eo
607 3067 680 3130 loco
704 3067 847 3152 pluribus
870 3068 978 3130 verbis
1001 3076 1117 3140 narrat,
1143 3065 1309 3149 quomodo
1331 3087 1416 3129 anno
1433 3082 1495 3145 423

208 3175 458 3240 Lacedaemonii
490 3188 523 3240 et
553 3177 772 3240 Athenienses
811 3177 950 3240 indutias
986 3177 1134 3249 fecerint,
1170 3176 1326 3260 additque
1359 3175 1493 3249 tabulas

207 3306 291 3370 quae
306 3307 419 3364 omnes
435 3289 599 3350 continent
621 3287 817 3349 indutiarum
832 3287 1048 3360 condiciones,
1067 3306 1148 3368 quas
1176 3285 1382 3368 »συνθήκαςι
1410 3283 1497 3347 intel-

206 3393 359 3475 legendas
372 3416 452 3469 esse,
471 3404 506 3459 ut
522 3403 645 3457 ceteros
657 3395 746 3459 locos
761 3396 979 3478 neglegamus,
998 3397 1061 3456 iam
1078 3395 1181 3457 elucet
1195 3416 1212 3457 e
1229 3396 1351 3461 verbis:
1373 3403 1496 3458 »ταῦτα
1532 3369 1535 3382 ¹

206 3503 415 3586 ξυνέθεντοι,
441 3506 558 3587 quibus
576 3505 668 3600 initio
692 3507 805 3589 capitis
827 3523 886 3585 119
903 3506 961 3568 has
977 3505 1183 3568 condiciones
1199 3505 1366 3586 significat.
1415 3504 1497 3567 Con-

206 3614 387 3677 dicionibus
410 3625 520 3678 autem
543 3619 732 3699 compositis
756 3639 822 3700 pax
846 3619 916 3701 ipsa
940 3628 1007 3680 rata
1027 3617 1132 3680 fiebat
1151 3638 1200 3691 eo,
1227 3617 1316 3699 quod
1333 3617 1494 3695 paciscen-

205 3733 254 3786 tes
277 3745 348 3787 sese
373 3735 470 3808 pacta
485 3736 670 3790 servaturos
693 3749 764 3791 esse
779 3728 988 3791 libationibus
1013 3727 1164 3790 adhibitis
1182 3727 1340 3792 iurabant.
1388 3725 1495 3806 Quam

209 3835 252 3896 ob
276 3856 342 3898 rem
366 3837 397 3898 in
415 3837 598 3900 tabularum
620 3837 684 3899 fine
708 3839 950 3920 praescribitur:
980 3839 1192 3902 »σπείσασθαι
1215 3832 1388 3900 dimitiam
1410 3835 1497 3918 μάλα

208 3942 269 4018 τὰς
292 3948 462 4031 πρεσβείας
483 3943 589 4030 ἐν’τῴ
612 3945 703 4032 δήμῳ
718 3945 779 4022 τὰς
793 3948 961 4031 παρούσας
984 3955 1004 4032 ἡ
1018 3948 1082 4032 μὴν
1097 3945 1241 4030 ἐμμενεῖν
1256 3945 1291 4010 ἐν
1305 3959 1376 4020 ταῖς
1399 3962 1494 4010 onov·

205 4054 273 4128 δαῖς
293 4053 355 4120 τὸν
377 4053 560 4121 totamm«.
608 4055 684 4136 Quo
713 4058 765 4131 fit,
799 4070 833 4120 ut
866 4060 945 4121 haec
977 4058 1077 4120 altera
1105 4058 1193 4139 pacis
1225 4054 1388 4118 faciendae
1420 4076 1492 4135 pars

205 4185 282 4227 mox
298 4164 476 4249 appelletur
491 4159 582 4250 ὅρκοι
601 4187 679 4228 mox
704 4167 850 4246 σπονδαί,
875 4178 909 4231 ut
924 4167 1025 4229 Thuc.
1057 4183 1115 4245 119
1139 4167 1232 4229 dicit:
1269 4175 1391 4230 »ταῦτα
1422 4175 1492 4248 ξυν-

202 4274 319 4339 έθεντο
332 4324 425 4344 .....
457 4277 511 4340 καὶ
549 4272 696 4359 ὤμοσανι
739 4287 771 4340 et
804 4279 914 4362 paucis
943 4278 1049 4340 verbis
1072 4286 1148 4357 post
1177 4276 1291 4339 eadem
1314 4275 1493 4341 sententia:

206 4384 402 4468 »ξυνέθεντο
424 4385 459 4450 δὲ
481 4388 535 4450 καὶ
558 4385 784 4453 ἐσπένδοντοι,
831 4385 877 4448 Ut
900 4387 1016 4449 deinde
1039 4406 1247 4465 quaeramus,
1273 4387 1344 4468 quis
1373 4385 1492 4463 pactio-

205 4515 280 4558 nem
303 4496 421 4570 fecerit,
447 4497 576 4562 tabulae
608 4498 697 4579 ipsae
728 4496 903 4559 ostendunt
935 4508 967 4558 et
988 4497 1265 4560 Lacedaemonios
1293 4513 1367 4559 cum
1398 4495 1492 4557 sociis
