3402 5172
836 326 878 392 47

756 398 966 412 —⁴...—

212 533 430 605 componeret.
470 523 583 606 Itaque
598 521 670 584 loco
688 523 787 584 nohis
798 525 970 588 tractando
987 524 1138 608 Ephorus
1165 526 1245 606 (sive
1261 524 1510 608 Theopompus)

212 633 279 695 sine
308 634 409 696 dubio
439 632 694 716 Xenophontem
725 644 855 696 secutus
890 645 939 697 est
977 656 1118 716 eumque
1154 635 1283 717 Trogus
1323 635 1507 719 Pompeius,

212 743 286 827 Qua
308 743 434 820 ratione
451 763 516 804 non
534 742 756 824 infringuntur,
775 766 860 826 quae
876 767 974 830 supra
991 745 1218 808 demonstravi.
1258 743 1343 806 Nam
1360 739 1508 806 Grosseri

211 854 416 916 coniecturae
449 854 480 914 in
514 853 744 916 hellenicorum
778 857 922 938 epitome
951 857 1142 919 amnestiam
1175 855 1316 937 priorem
1351 853 1508 916 omissam

213 985 284 1026 esse
299 985 367 1026 non
379 986 449 1026 esse
460 963 569 1026 Iocum
582 986 622 1027 ex
636 965 691 1040 eis,
706 989 790 1051 quae
802 969 1021 1050 exposuimus
1039 965 1245 1030 manifestum
1266 973 1322 1028 est
1344 965 1467 1046 Neque,
1482 965 1508 1027 si

209 1083 350 1137 statuere
367 1076 485 1136 audeat
496 1074 749 1158 Xenophontem
765 1080 870 1162 ipsum
886 1099 959 1140 eam
975 1078 1131 1150 omisisse,
1146 1076 1233 1138 credi
1250 1076 1323 1138 licet
1340 1075 1508 1160 Ephorum

215 1192 443 1276 Xenophontis
466 1193 683 1254 narrationem
709 1212 773 1253 non
797 1199 1016 1253 correcturum
1040 1187 1142 1252 fuisse.

316 1305 336 1382 ξ
366 1316 412 1382 17.
438 1303 627 1384 Antequam
651 1303 692 1364 ad
718 1297 909 1364 amnestiam
933 1319 1043 1362 veram
1069 1311 1270 1364 transeamus
1294 1298 1505 1370 tractandam,

210 1413 379 1476 refutanda
407 1423 456 1474 est
499 1412 561 1474 aha
594 1412 742 1476 Grosseri
768 1413 936 1485 sententia,
968 1432 1066 1493 quam
1105 1411 1240 1492 exponit
1271 1408 1505 1472 dissertationis

210 1524 417 1607 paragrapho
440 1526 589 1605 septima.
640 1527 707 1587 Iam
730 1543 828 1605 supra
852 1525 885 1605 (ξ
911 1539 928 1584 2
953 1533 986 1584 et
1024 1524 1075 1602 14)
1100 1521 1239 1614 vidimus
1271 1540 1328 1601 per
1359 1520 1506 1586 fraudem

209 1635 360 1698 Eleusina
393 1645 616 1718 recuperatam
641 1655 721 1699 esse.
770 1634 972 1696 Dissentiunt
1001 1642 1111 1694 autem
1134 1632 1192 1692 viri
1217 1632 1314 1704 docti,
1345 1631 1434 1712 quod
1465 1629 1508 1692 ad

209 1746 292 1810 hanc
327 1766 395 1808 rem
430 1747 554 1821 attinet,
591 1745 758 1828 quomodo
793 1744 1009 1824 intellegenda
1041 1744 1104 1804 sint
1138 1741 1366 1823 Xenophontis
1407 1741 1506 1804 verba
1531 1719 1534 1727 ¹

210 1858 243 1938 (ξ
266 1856 338 1934 43);
364 1854 460 1930 »τούς
481 1859 539 1938 μὲν
563 1854 763 1941 στρατηγοὺς
782 1851 895 1918 αὐτῶν
912 1854 957 1930 εἰς
970 1852 1087 1938 λόγους
1101 1852 1264 1930 ἐλθόντας
1276 1848 1503 1916 ἀπέκτειναν.ι

210 1965 291 2028 Cum
315 1965 459 2047 plerique
482 1968 661 2049 scriptores,
678 1967 778 2028 nostri
795 1966 867 2026 aevi
882 1967 928 2028 sic
944 1986 982 2028 ea
999 1974 1135 2036 vertant,
1159 1974 1194 2027 ut
1210 1985 1275 2026 non
1291 1961 1504 2042 intellegatur,

209 2095 367 2158 quosnam
395 2075 491 2151 >eoric
515 2076 736 2162 στρατηγούς(
762 2095 833 2140 esse
857 2087 981 2159 putent,
1008 2075 1109 2140 Grote
1142 2074 1216 2138 VIII
1240 2096 1271 2156 p.
1299 2075 1363 2136 280
1395 2081 1508 2154 aperte

208 2187 289 2248 dixit
308 2197 340 2248 et
355 2187 595 2250 Rauchenstein
610 2188 642 2250 in
661 2185 865 2266 »Philologm
884 2195 963 2250 tom.
988 2185 1018 2247 X
1042 2206 1074 2266 p.
1094 2186 1266 2265 5917-607
1283 2185 1506 2247 demonstrare

208 2299 331 2361 studuit
359 2319 425 2360 non
455 2298 690 2379 intellegendos
714 2317 784 2360 esse
812 2296 1031 2377 trigintaviros
1055 2295 1152 2377 ipsos,
1178 2295 1235 2358 sed
1260 2314 1371 2358 eorum
1397 2293 1504 2366 duces,

210 2409 290 2470 inter
307 2430 391 2490 quos
408 2408 651 2474 Rauchenstein
676 2407 826 2471 concedit
848 2406 989 2489 aliquem
1013 2405 1150 2468 fortasse
1172 2426 1214 2468 ex
1238 2403 1283 2467 eis
1304 2404 1381 2486 ipsis
1398 2403 1506 2474 fuisse,

210 2519 427 2600 trigintaviros
470 2520 559 2601 ipsos
602 2528 748 2582 servatos
792 2539 870 2580 esse.
905 2493 1038 2596 ‘Quam
1074 2516 1269 2579 sententiam
1305 2513 1507 2597 impugnavit

212 2626 348 2692 Grosser
365 2630 397 2691 in
420 2650 494 2694 ann.
518 2629 623 2711 phet
645 2651 677 2712 p.
702 2639 782 2694 tom.
807 2629 848 2690 IC
872 2647 904 2708 p.
934 2642 1105 2720 193-7-207
1129 2636 1161 2688 et
1183 2639 1246 2704 455
1272 2647 1331 2707 sq,
1349 2625 1404 2706 qui
1420 2633 1508 2686 recte

211 2741 288 2802 mihi
321 2741 448 2803 videtur
476 2741 751 2804 demonstravisse
781 2760 847 2801 non
880 2759 953 2801 esse
984 2737 1156 2800 verisimile
1186 2737 1417 2816 trigintaviros,
1449 2735 1504 2816 qui

210 2861 306 2914 antea
335 2852 394 2932 ipsi
419 2852 595 2914 exercitum
621 2851 798 2924 duxissent,
824 2859 902 2922 tum,
929 2869 1002 2910 curn
1026 2849 1066 2911 de
1090 2848 1235 2931 ipsorum
1258 2847 1364 2929 capite
1387 2865 1506 2927 pugna-

212 2971 314 3034 retur,
352 2963 531 3024 exercitum
566 2962 634 3024 aliis
681 2962 865 3024 ducendum
900 2960 1080 3033 tradidisse,
1118 2979 1223 3040 neque
1259 2957 1508 3021 AthenienSIum

213 3071 350 3133 multum
381 3073 535 3134 interesse
579 3073 725 3153 potuisse
756 3072 854 3133 duces
884 3091 942 3152 per
985 3069 1096 3132 dolum
1130 3079 1163 3131 et
1194 3068 1324 3131 insidias
1355 3067 1503 3140 interimi,

210 3202 284 3244 cum
300 3180 449 3244 homines
465 3183 588 3245 civitati
603 3202 708 3245 novae
721 3181 993 3265 periculosissimi,
1008 3179 1195 3261 trigintaviri
1208 3179 1277 3260 ipsi,
1292 3187 1506 3242 servarentur.

211 3293 338 3374 Quodsi
369 3293 532 3356 concludit
555 3303 730 3377 propterea
753 3303 907 3374 oportere
931 3293 1029 3353 duces
1052 3289 1148 3352 luisse
1171 3289 1283 3371 viginti
1308 3298 1341 3351 et
1364 3288 1506 3370 quinque

210 3413 375 3483 tyrannos,
401 3404 455 3485 qui
479 3402 629 3467 Eleusine
654 3405 797 3478 fuissent,
824 3413 857 3466 et
880 3423 938 3466 eos
962 3422 1075 3465 omnes
1100 3410 1170 3464 turn
1193 3399 1406 3481 interemptos
1424 3418 1504 3470 esse,

209 3513 413 3576 nihilominus
457 3514 538 3577 haec
582 3515 747 3577 conclusio
786 3514 955 3596 probanda
994 3532 1058 3574 non
1093 3520 1151 3574 est.
1211 3509 1370 3590 Quisnam
1408 3508 1502 3572 nobis

211 3625 310 3687 tradit
341 3643 455 3686 omnes
484 3625 595 3704 viginti
626 3635 659 3688 et
690 3626 832 3706 quinque
861 3625 960 3686 duces
992 3623 1151 3684 exercitus
1174 3617 1289 3682 fuisse?
1314 3619 1419 3681 Immo
1442 3639 1507 3680 non

210 3735 382 3797 verisimile
407 3744 456 3796 est
479 3755 593 3798 omnes
616 3737 657 3798 ad
680 3737 858 3798 exercitum
883 3734 1067 3796 ducendum
1092 3731 1227 3795 idoneos
1243 3728 1341 3792 fuisse
1357 3738 1389 3792 et
1406 3728 1507 3791 multo

211 3845 307 3906 etiam
341 3844 446 3907 minus
479 3845 665 3917 exercitum,
697 3844 752 3926 qui
787 3864 851 3905 non
885 3857 1023 3924 magnus
1046 3844 1115 3905 sine
1140 3841 1239 3904 dubio
1264 3841 1368 3914 fuerit,
1395 3838 1506 3920 viginti

211 3965 243 4016 et
266 3955 408 4036 quinque
432 3957 531 4018 duces
555 3954 716 4020 habuisse.
753 3953 861 4034 Quam
886 3954 929 4016 ob
947 3974 1013 4015 rem
1031 3952 1281 4017 existimandum
1298 3961 1348 4014 est
1362 3952 1505 4032 triginta·

209 4065 296 4128 viros
331 4065 462 4146 quidem
487 4065 594 4128 verbis
622 4063 718 4139 »τοὺς
742 4065 962 4148 στρατηγούς(
982 4065 1095 4137 notari,
1121 4072 1266 4126 attamen
1289 4082 1355 4124 non
1382 4081 1505 4136 omnes,

210 4176 268 4238 sed
292 4175 483 4257 complures,
509 4176 654 4257 quisine
678 4175 779 4237 dubio
803 4176 965 4257 principes
986 4170 1102 4237 ¹eorum
1126 4183 1225 4246 erant,
1251 4173 1397 4236 hostum
1414 4173 1505 4238 inter-

211 4285 313 4349 fectos
338 4307 417 4354 esse,
443 4296 568 4348 ceteros
593 4296 702 4348 autern
725 4285 884 4366 effugisse.

316 4396 390 4459 Non
424 4394 503 4457 Ialso
537 4396 600 4459 hoc
623 4397 723 4460 modo
747 4397 888 4459 Iustinus
911 4397 928 4458 l.
954 4397 972 4458 l.
998 4407 1119 4462 narrat:
1147 4398 1293 4477 »tyranni
1318 4445 1418 4459 .....
1444 4407 1506 4460 tru-

211 4507 397 4580 cidantur«,
434 4525 633 4587 quamquam
662 4507 730 4570 fieri
762 4485 886 4589 potest,
922 4516 955 4570 ut
983 4527 1049 4570 non
1077 4516 1228 4570 accurate
1261 4508 1364 4592 Trogi
1398 4508 1506 4575 verbis
