3402 5172
744 287 957 392 A„

133 549 142 564 .
206 509 277 569 esse
299 500 459 588 putemus,
506 501 602 568 Certe
626 505 738 570 urbani
770 507 816 570 eis
847 503 1043 576 auctoribus,
1074 499 1128 584 qui
1159 495 1252 584 plura
1279 508 1504 584 peccaverant,

204 615 290 680 hanc
313 616 539 679 condicionem
563 616 818 698 postulaverunt,
845 625 877 678 et
900 613 1074 678 Pausanias
1098 611 1260 692 ceterique
1284 609 1504 673 Lacedaemo-

203 726 255 798 nii,
281 727 333 808 qui
356 726 500 796 aderant.
534 726 670 788 libenter
699 734 938 798 concesserunt,
971 724 1047 806 quia
1076 721 1122 783 sic
1151 741 1217 784 non
1247 720 1342 803 plane
1379 721 1504 782 amicos

205 836 384 899 deseruisse
406 834 599 898 videbantur
626 844 659 898 et
689 856 819 919 sperare
850 841 1001 916 poterant
1030 832 1174 896 Atticam
1211 829 1271 892 hac
1310 830 1500 892 condicione

205 947 237 1007 in
260 946 342 1008 duas
366 954 475 1027 partes
498 945 632 1007 divisam
656 945 846 1007 debiliorem
876 953 909 1006 et
933 941 1200 1006 Lacedaemoniis
1230 941 1335 1004 minus
1358 949 1501 1003 metuen-

204 1056 280 1119 dam
302 1053 380 1118 iore.
424 1055 538 1137 Neque
561 1055 709 1118 exsulum
732 1055 879 1135 ipsorum
903 1052 1040 1114 multum
1069 1053 1224 1114 interesse
1254 1050 1362 1132 potuit
1391 1069 1504 1112 omnes

204 1166 346 1228 urbanos
369 1165 401 1227 in
425 1166 503 1228 urbe
527 1165 665 1238 retineri,
691 1165 882 1247 praesertim
913 1183 987 1224 cum
1011 1163 1136 1226 Eleusis
1165 1160 1372 1223 nihilominus
1403 1179 1422 1222 a
1452 1159 1502 1220 tri·

204 1275 370 1356 gintaviris
391 1295 569 1358 eorumque
584 1274 695 1338 amicis
711 1276 909 1338 retineretur.
945 1269 1059 1356 Neque
1082 1273 1114 1334 in
1130 1270 1326 1353 Thrasybuli
1344 1261 1500 1341 oratione,

204 1407 287 1469 quae
311 1385 398 1470 apud
420 1383 676 1468 Xenophontem
703 1383 830 1466 legitur,
855 1395 913 1458 est,
939 1385 1028 1466 quod
1050 1383 1125 1445 huic
1151 1382 1266 1444 rationi
1297 1380 1501 1461 obloquatur,

197 1497 359 1578 *quoniam
383 1497 470 1582 apud
493 1513 549 1558 eos
574 1495 716 1557 urbanos
740 1495 953 1568 contionatur,
984 1495 1038 1578 qui
1062 1492 1215 1556 Eleusina
1248 1512 1314 1555 non
1349 1492 1503 1576 migrave-

205 1617 279 1670 runt
302 1616 336 1668 et
358 1607 403 1668 ita
426 1627 460 1668 re
494 1626 570 1668 vera
599 1605 667 1668 sine
699 1605 762 1668 ullo
792 1605 954 1688 praesidio
986 1603 1198 1688 popularibus
1229 1603 1363 1666 reversis
1394 1601 1503 1662 traditi

205 1727 287 1780 sunt.
344 1717 458 1798 Legati
494 1726 602 1779 autem
632 1716 782 1778 Thebani
816 1715 857 1778 ad
894 1736 1010 1778 omnes
1041 1714 1183 1777 urbanos
1213 1712 1362 1776 conversi
1397 1712 1504 1773 dicere

205 1838 342 1910 possunt
365 1826 449 1912 (hell.
473 1826 516 1889 III
543 1827 623 1908 5,9):
646 1824 779 1890 »ἐκεῖνοι
802 1823 845 1910 (οἱ
866 1823 1191 1908 Λακεδαιμόνιοι)...
1217 1821 1400 1908 παρέδοσαν
1419 1815 1503 1902 ὑμᾶς
1546 1885 1555 1900 ,

204 1939 254 2021 τῷ
276 1937 416 2022 πλήθει(
444 1946 516 2012 etc,
547 1938 703 2020 quoniam
733 1946 766 1998 et
795 1957 908 2000 eorum
941 1936 1082 1999 interest'
1104 1955 1203 2017 quam
1236 1934 1377 1995 maxime
1407 1931 1505 1993 Lace-

205 2043 384 2110 daemoniis
405 2049 589 2111 obtrectare
618 2056 650 2109 et
679 2067 712 2108 re
748 2066 825 2108 vera
856 2047 953 2108 etiam
985 2047 1014 2109 ei
1046 2046 1167 2118 urbani,
1201 2045 1255 2126 qui
1286 2043 1439 2105 Eleusina
1470 2061 1504 2101 se

206 2158 416 2232 contulerant,
438 2168 558 2240 postea
581 2134 713 2238 prorsus
737 2156 780 2218 ab
804 2157 849 2219 eis
874 2157 992 2220 deserti
1016 2157 1140 2240 populo
1163 2177 1236 2219 sese
1260 2155 1379 2222 dedere
1396 2153 1501 2215 coacti

204 2278 285 2332 sunt.
331 2268 552 2331 Iusiurandum
576 2277 685 2330 autem
716 2245 803 2349 apud
840 2268 1048 2330 Andocidem
1073 2267 1237 2340 traditum,
1268 2267 1300 2327 in
1324 2285 1390 2348 quo
1422 2263 1504 2325 haec

204 2379 353 2442 condicio
376 2400 442 2443 non
466 2374 747 2452 commemoratur,
773 2379 803 2439 in
828 2379 845 2462 ᾗ
869 2379 890 2440 6
914 2379 977 2440 iam
1002 2378 1143 2441 diximus
1165 2379 1245 2440 etin
1270 2376 1287 2460 ᾗ
1319 2391 1357 2454 19
1372 2374 1505 2436 demon-

204 2491 380 2553 strabimus
403 2490 445 2551 ad
467 2488 553 2552 hunc
574 2488 802 2570 Xenophontis
827 2487 934 2550 locum
958 2489 1091 2551 omnino
1118 2509 1184 2550 non
1207 2508 1278 2550 esse
1299 2485 1499 2548 trahendum

205 2600 364 2689 Grossero
387 2609 496 2663 antem
520 2600 580 2681 ipsi
605 2619 652 2670 ea,
677 2619 760 2680 quae
792 2600 833 2660 de
864 2598 927 2661 hac
961 2599 1189 2661 enunciatione
1218 2595 1405 2679 disputavit,
1439 2615 1504 2656 non

204 2711 288 2774 bene
317 2712 456 2794 probata
485 2731 566 2783 esse,
599 2729 641 2771 ex
670 2728 710 2771 eo
751 2707 863 2782 elucet,
900 2710 994 2791 quod
1028 2710 1098 2792 ipse
1128 2730 1159 2790 p.
1200 2725 1239 2770 10
1272 2707 1364 2772 dicit:
1400 2707 1506 2767 »darm

208 2820 335 2884 hindert
357 2821 419 2884 'uns
442 2841 495 2900 am
519 2819 613 2882 Ende
644 2819 776 2900 wenig
806 2820 858 2881 die
887 2818 1001 2882 Worte
1032 2819 1058 2884 εἰ
1089 2817 1123 2883 de'
1152 2840 1308 2892 τινες...
1340 2827 1507 2880 κατοικεῖν

208 2931 298 2995 nicht
320 2932 367 2994 als
392 2932 485 2994 einen
507 2929 947 3011 Bedingungsparagraphen
965 2978 970 2991 .
988 2980 994 2990 .
1011 2978 1041 2996 ..
1065 2929 1299 2994 aufzusassen‹.

275 3071 278 3078 ·
313 3041 441 3125 Quibus
457 3041 655 3122 argumentis
673 3049 849 3121 postquam
861 3041 961 3103 satius
986 3041 1278 3104 demonstravimus
1301 3038 1385 3100 hanc
1409 3057 1506 3098 enun-

208 3152 379 3215 ciationem
410 3173 482 3216 esse
510 3153 599 3235 pacis
627 3153 861 3226 condicionem,
895 3151 989 3214 simul
1019 3151 1097 3212 mihi
1131 3150 1205 3212 licet
1239 3170 1282 3210 ex
1316 3148 1365 3210 his
1398 3147 1505 3208 verbis

207 3272 436 3344 argumentum
459 3271 571 3343 petere
594 3273 708 3326 contra
731 3261 816 3325 illam
838 3262 1032 3324 sententiam
1057 3263 1098 3322 de
1129 3261 1286 3322 amnestia
1315 3258 1409 3321 simul
1432 3277 1505 3319 cum

205 3393 287 3456 pace
309 3351 438 3449 statuta,
463 3373 594 3436 'namsi
626 3373 870 3436 condicionibus
901 3381 1059 3435 statutum
1092 3379 1177 3433 esset
1213 3369 1406 3432 amnestiam
1422 3375 1507 3450 ¹post
1533 3415 1536 3420 .

205 3482 361 3546 exsulum
386 3483 551 3545 introitum
588 3485 740 3547 omnibus
775 3473 979 3546 iureiurando
1014 3481 1199 3544 vovendam
1235 3489 1268 3542 et
1297 3478 1505 3542 sanciendam

205 3615 286 3668 esse,
312 3594 429 3686 mirum
453 3594 520 3656 sine
545 3595 655 3670 dubio
677 3604 772 3668 esset,
806 3595 831 3655 si
862 3593 916 3656 tali
948 3593 1139 3655 condicione
1163 3591 1275 3654 addita
1298 3591 1414 3662 eidem,
1449 3589 1504 3670 qui

205 3705 398 3768 amnestiam
423 3706 617 3779 statuissent,
643 3705 863 3776 ostendissent
885 3725 920 3766 se
943 3703 1032 3786 ipsos
1049 3704 1233 3765 existimare
1250 3702 1359 3764 multis
1375 3700 1505 3762 urbanis

204 3816 385 3880 conducere
409 3816 567 3878 amnestia
590 3836 655 3878 non
679 3815 853 3880 confidere.
900 3813 966 3877 Sed
996 3815 1022 3876 si
1051 3814 1119 3876 sola
1141 3835 1208 3896 pax
1231 3813 1400 3882 conciliata
1424 3822 1501 3885 erat,

206 3946 310 4006 neque
333 3927 498 3988 amnestia
513 3935 636 3988 statuta
660 3947 774 3988 omnes
798 3946 817 3987 a
840 3926 954 4006 poenis
977 3935 1066 3987 tutos
1098 3924 1293 3997 reddiderat,
1316 3923 1401 3985 bene
1423 3921 1504 3983 haec

202 4037 353 4108 condicio
373 4036 449 4100 addi
472 4037 590 4118 potuit,
618 4046 660 4109 et,
694 4047 729 4099 ut
757 4057 856 4118 supra
878 4037 910 4119 (ξ
940 4036 974 4117 6)
1004 4036 1224 4118 exposuimus
1258 4031 1430 4095 verisimile
1453 4043 1502 4095 est

201 4147 380 4210 amnestiae
421 4144 494 4209 loco
528 4165 601 4209 eam
636 4147 782 4209 additam
823 4135 928 4213 esse.v
959 4135 1077 4227 ¹Neque
1112 4146 1218 4207 minus
1256 4165 1274 4205 e
1309 4143 1503 4224 Thrasybuli

201 4257 346 4332 oratione
370 4258 439 4338 ipsa
468 4257 593 4339 optime
626 4256 733 4337 colligi
771 4266 881 4339 potest
913 4257 1106 4318 amnestiam
1136 4259 1224 4338 pacis
1258 4255 1505 4318 condicionibus
1572 4338 1577 4344 Ι

198 4377 354 4433 statutam
372 4387 443 4429 non
466 4387 547 4441 esse,
573 4387 680 4449 neque
706 4368 806 4442 enim,
832 4367 857 4428 si
883 4351 1008 4431 statuta
1030 4377 1123 4442 esset,
1150 4378 1236 4430 recte
1261 4368 1383 4429 diceret
1404 4365 1503 4426 Lace·

200 4479 391 4549 daemonios
414 4477 482 4540 sine
505 4479 667 4559 praesidio
684 4478 827 4542 urbanos
843 4478 1010 4541 exsulibus
1025 4479 1206 4553 tradidisse,
1225 4498 1300 4541 narn
1325 4475 1502 4538 maximum
