3436 5164
185 537 234 609 ὧν
248 537 289 610 ἂν
304 543 529 630 ἐξαμάρτωσὶν
552 538 571 631 ἢ
593 537 796 629 πράξαντὲςι
817 547 876 608 etc.
896 545 958 607 dici
976 566 1039 607 non
1060 553 1213 626 poterant
1230 546 1388 620 amnestia
1406 548 1484 608 iure·

186 657 321 718 iurando
337 667 456 730 sancta,
483 655 559 718 nam
584 657 643 718 etsi
669 657 815 724 concedo
840 656 1091 719 Eratosthenem
1115 641 1272 718 adeersus
1292 658 1483 719 amnestiam

186 767 326 828 accusari
358 769 514 849 potuisse,
539 765 615 848 quia
641 787 721 838 unus
745 787 762 828 e
786 766 993 846 trigintaviris
1019 764 1130 839 suerat,
1155 767 1333 830 certissime
1356 767 1481 848 Lysias,

185 877 245 938 nisi
269 879 459 940 amnestiam
475 898 582 960 paene
599 873 731 946 illudere
746 877 885 950 volebat,
904 877 1011 939 dicere
1028 897 1092 938 non
1109 879 1216 959 potuit
1231 876 1483 939 Eratosthenem

184 989 468 1054 condemnandum
500 1009 581 1059 esse,
615 997 649 1050 ut
678 989 778 1062 ctiam
800 986 897 1050 ceteri
923 988 991 1049 eius
1007 986 1154 1049 factionis
1170 985 1256 1052 cives
1272 987 1390 1048 scirent
1411 1005 1483 1048 sese

185 1099 334 1180 punitum
359 1099 404 1168 iri,
452 1099 501 1160 Ea
518 1119 658 1181 quoque,
676 1098 794 1178 quibus
824 1097 854 1160 in
880 1101 922 1178 ἐξ
950 1097 1073 1175 55-61
1100 1097 1311 1177 decemviros,
1338 1097 1481 1178 triginta-

184 1209 325 1271 virorum
350 1228 562 1294 successores,
587 1208 642 1290 qui
668 1208 845 1270 amnestiae
869 1201 1042 1290 participes
1065 1217 1173 1280 erant,
1208 1206 1419 1290 vehementer
1441 1207 1483 1268 in-

100 1325 106 1332 '
185 1328 307 1402 crepat,
332 1319 491 1399 amnestia
507 1319 637 1381 decreta
654 1317 796 1401 prolerre
817 1339 914 1380 ausus
931 1338 996 1380 non
1020 1319 1070 1381 sit.
1106 1318 1141 1378 In
1159 1319 1178 1398 ξ
1193 1321 1231 1398 85
1258 1317 1483 1380 Eratosthenis

184 1429 350 1492 adiutores
365 1438 498 1508 sperant
521 1429 655 1491 multam
672 1429 895 1512 impunitatem
913 1449 1035 1502 eorum,
1059 1449 1142 1510 quae
1159 1427 1303 1506 fecerint,
1324 1428 1384 1490 sibi
1401 1426 1483 1489 futu-

186 1559 255 1601 ram
273 1560 354 1612 esse,
380 1540 406 1602 si
423 1527 656 1602 Eratosthenes
672 1531 870 1602 absolvatur.
906 1541 1018 1620 ltaque
1043 1540 1187 1602 nondum
1211 1539 1257 1604 eis
1280 1547 1330 1601 est
1349 1537 1483 1619 impuni-

186 1658 245 1711 tas,
292 1649 471 1729 Quomodo
493 1649 663 1712 dilucidius
678 1650 808 1712 indicari
825 1651 932 1732 potuit
947 1650 1141 1712 amnestiam
1157 1649 1302 1723 nondum
1319 1649 1482 1711 decretam

185 1741 274 1822 esse?
290 1751 294 1756 ’
310 1759 393 1822 Nam
417 1760 442 1821 si
469 1760 531 1823 iam
557 1760 624 1834 suit,
649 1761 747 1823 etiam
773 1761 950 1843 impunitas
974 1760 1119 1823 omnium
1143 1779 1265 1834 eorum,
1295 1779 1379 1839 quae
1403 1758 1483 1820 sece-

187 1878 267 1941 rant,
297 1869 343 1932 eis
367 1870 443 1932 data
466 1879 544 1943 erat,
569 1870 761 1953 praesertim
782 1890 855 1932 cum
879 1871 1014 1933 verbum
1039 1864 1128 1934 ἄδεια
1151 1870 1281 1952 saepius
1305 1869 1391 1931 idem
1417 1869 1482 1930 fere

187 1978 347 2060 significet
370 1982 467 2066 atque
492 1977 659 2065 ἀμνηστία.

291 2089 364 2153 Non
389 2088 539 2153 refutavit
562 2088 700 2152 Grosser
729 2091 761 2151 id
786 2100 1024 2172 argumentum,
1057 2091 1146 2175 quod
1170 2089 1375 2170 Frohberger
1396 2090 1427 2162 in
1450 2109 1477 2150 a.

185 2192 240 2283 p'h.
263 2209 296 2263 et
319 2220 351 2283 p.
377 2200 526 2262 LXXXll
550 2222 581 2282 p.
605 2203 670 2276 408
687 2200 820 2283 protulit
844 2222 862 2261 e
885 2201 924 2284 ἐξ
950 2201 992 2278 36
1008 2209 1040 2262 et
1057 2204 1096 2280 83
1114 2201 1261 2280 petitum,
1287 2198 1341 2262 ubi
1365 2198 1481 2278 Lysias

185 2311 338 2392 postulat,
364 2320 399 2372 ut
422 2311 720 2391 tringintavirorum
744 2310 835 2373 liberi
859 2312 1042 2393 puniantur,
1072 2330 1155 2391 quos
1185 2309 1363 2372 amnestiae
1387 2309 1482 2390 parti-

184 2421 273 2501 cipes
296 2419 393 2482 fuisse
417 2421 560 2482 ostendit
584 2421 825 2484 Demosthenes
848 2422 908 2484 XL
932 2438 972 2500 32
1006 2419 1093 2482 hisce
1117 2419 1241 2484 verbis:
1279 2416 1372 2484 »οὐδὲ
1402 2417 1480 2494 τούς

184 2536 253 2594 τῶν
286 2527 464 2613 τριάκοντα
495 2528 573 2605 υἱεῖς
604 2532 802 2614 φυγαδεῦσαι
832 2529 868 2595 ἐκ
899 2540 959 2614 τῆς
990 2529 1118 2606 πόλεως
1150 2529 1337 2614 ἠξιώσατεα.
1386 2530 1478 2602 Fieri,

185 2639 248 2702 hoc
271 2640 427 2712 concedo,
458 2641 485 2702 si
515 2641 597 2702 duae
629 2642 808 2704 amnestiae
840 2643 984 2714 fuissent,
1017 2642 1132 2723 potuit,
1159 2653 1193 2704 ut
1216 2641 1306 2706 liberi
1330 2662 1348 2702 a
1373 2641 1479 2724 priore

185 2771 258 2813 cum
281 2750 469 2832 parentibus
492 2752 748 2824 excluderentur,
773 2751 873 2814 altera
897 2751 1123 2832 reciperentur,
1149 2771 1234 2833 quae
1257 2762 1307 2814 est
1331 2748 1479 2812 Grosseri

183 2860 352 2933 sententia,
377 2860 436 2922 sed
460 2871 530 2923 tum
554 2863 621 2924 sine
644 2862 744 2924 dubio
769 2862 800 2922 in
824 2861 1027 2924 iureiurando
1053 2862 1140 2946 apud
1164 2862 1251 2928 And.
1276 2863 1288 2923 l
1312 2878 1366 2943 90,
1392 2861 1480 2944 quod

185 2969 225 3030 ad
250 2969 391 3053 priorem
415 2973 605 3034 amnestiam
629 2993 721 3036 suam
744 2971 851 3044 refert,
887 2972 1073 3034 nominandi
1105 2983 1195 3034 erant
1219 2973 1302 3034 inter
1325 2991 1391 3046 eos,
1425 2973 1479 3054 qui

186 3081 362 3143 amnestiae
385 3083 529 3164 exempti
546 3091 645 3154 erant,
670 3091 706 3148 ut
721 3082 860 3165 exempli
877 3081 980 3162 gratia
1002 3083 1091 3164 apud
1115 3082 1202 3144 And.
1226 3083 1313 3161 174:
1343 3078 1482 3156 »αὐτοὺς

186 3190 240 3252 καὶ
264 3188 341 3266 τοὺς
364 3190 399 3256 ἐκ
421 3191 569 3257 τούτων(
597 3191 687 3254 liberi
710 3192 828 3254 diserte
853 3191 894 3253 ad
917 3199 1024 3272 patres
1044 3192 1216 3258 adduntur.
1264 3192 1363 3272 Quod
1381 3212 1480 3274 quon-

187 3301 250 3362 iam
276 3299 405 3363 factum*
421 3321 484 3364 non
519 3312 576 3374 est,
614 3302 675 3384 ipsi
699 3301 857 3365 Grossero
886 3302 1047 3365 nonlicet
1070 3323 1126 3365 eos
1151 3324 1170 3365 a
1194 3303 1300 3386 priore
1324 3303 1482 3366 amnestia

186 3431 244 3472 sua
267 3410 417 3474 exclusos
433 3412 561 3481 habere.
585 3422 617 3475 et
640 3411 684 3474 ita
707 3412 739 3474 hi
763 3433 895 3494 quoque
913 3411 974 3474 loci
999 3412 1175 3476 ostendunt
1198 3415 1390 3477 amnestiam
1415 3434 1480 3476 non

186 3509 349 3582 dedretam
378 3542 457 3594 esse,
490 3531 665 3603 antequam
697 3522 778 3585 hoec
808 3523 912 3585 oratio
934 3521 1116 3589 haberetur.
1164 3524 1258 3603 Quae
1283 3521 1421 3586 Grosser
1445 3547 1475 3607 p.

188 3647 229 3709 30
253 3631 294 3692 de
317 3632 521 3717 paragrapho
545 3635 585 3710 83
611 3633 652 3695 de
675 3632 798 3695 verbis:
828 3628 930 3695 »ἀλλὰ
954 3629 1017 3715 γὰρ
1041 3631 1068 3696 sl
1091 3630 1133 3697 τὰ
1148 3633 1297 3720 χρὴμᾳτα
1320 3630 1362 3698 τὰ
1385 3656 1480 3713 φανε-

186 3738 228 3824 ρὰ
251 3740 430 3823 δημεύσετε,
454 3745 563 3816 καλῶς
584 3738 626 3806 dlv
649 3738 732 3824 ἔχοι«
759 3751 871 3804 contra
895 3741 1153 3823 Frohbergerum
1170 3743 1356 3826 disputavit,
1389 3742 1482 3825 pluri·

186 3871 242 3912 ma
264 3860 351 3914 certe
376 3851 544 3936 probanda
566 3861 651 3926 sunt,
675 3851 733 3914 sed
757 3871 799 3913 ex
823 3851 869 3914 eis
893 3851 967 3915 nihil
989 3872 1049 3936 pro
1071 3874 1129 3916 sua
1145 3854 1306 3916 sententia
1329 3852 1480 3934 colligere

185 3961 292 4043 potuit
316 3982 422 4044 neque
445 3961 583 4043 collegit.
627 3961 724 4025 Falso
746 3961 952 4043 Frohberger
975 3962 1056 4026 haec
1085 3964 1186 4026 verba
1216 3961 1330 4034 attulit,
1363 3963 1482 4045 quibus

187 4072 424 4136 demonstraret
446 4073 638 4135 amnestiam
662 4081 731 4135 tum
762 4072 907 4134 nondum
931 4072 1038 4147 fuisse,
1074 4093 1148 4136 nam
1172 4073 1368 4155 publicanda
1391 4082 1482 4137 erant

186 4182 459 4264 trigintavirorum
477 4184 565 4246 bona
589 4202 653 4245 non
671 4191 804 4265 propter
827 4184 1031 4261 amnestiam,
1055 4185 1114 4246 sed
1130 4183 1193 4244 iam
1210 4183 1338 4257 idcirc0,
1364 4183 1440 4265 quia
1462 4205 1482 4246 a

187 4314 268 4375 pace
289 4292 410 4355 exclusi
434 4294 534 4355 etsie
557 4292 661 4375 patria
684 4292 810 4372 expulsi
834 4302 934 4366 erant,
960 4293 992 4354 id
1016 4294 1115 4377 quod,
1141 4301 1369 4376 praeterquam
1392 4293 1480 4376 quod

188 4422 259 4464 mos
284 4412 353 4465 erat
365 4403 614 4466 Atheniensium
631 4403 679 4488 (cf.
700 4402 801 4466 Meier
820 4403 880 4465 »de
897 4403 991 4465 bonis
1008 4403 1137 4469 damna
1164 4425 1195 4486 p.
1221 4406 1262 4483 98
1281 4423 1327 4484 sq.
1353 4411 1386 4465 et
1402 4403 1480 4465 Her-

188 4531 285 4579 mann
308 4511 326 4576 l.
352 4512 413 4596 ις
451 4515 568 4596 124,4),
593 4515 710 4580 diserte
731 4513 841 4598 Nepos
875 4513 983 4587 tradit,
1020 4522 1054 4576 ut
1084 4534 1181 4599 supra
1209 4515 1243 4598 (ξ
1271 4517 1301 4595 5)
1333 4513 1482 4580 vidimus

1586 1753 1592 1764 .
