3402 5172
220 507 413 571 amnestiam
437 506 525 588 pacis
549 505 774 569 condicionem
798 504 894 568 fuisse
919 506 1044 576 doceat,
1070 503 1160 565 multi
1185 511 1302 575 autem,
1336 513 1421 586 quos
1444 499 1514 564 illos

218 619 304 682 viros
326 597 442 681 doctos
466 617 673 699 adpriorem
695 617 887 679 amnestiam
910 633 1003 678 suam
1034 614 1238 676 revocavisse
1268 620 1409 694 oportet,
1444 611 1510 695 qui·

218 730 280 793 bus
303 728 374 792 luce
398 728 511 792 clarius
534 736 691 812 appareat
713 735 790 808 post
813 725 959 788 exsulum
976 726 1114 788 reditum
1129 723 1322 787 amnestiam
1345 723 1388 784 ab
1412 721 1511 786 Athe-

219 839 385 902 niensibus
422 839 500 920 ipsis
524 839 688 900 decretam
711 857 790 900 esse.
839 835 936 918 Quod
961 837 1061 898 sensit
1086 833 1197 908 Grote,
1222 834 1277 918 qui
1304 833 1335 895 in
1364 832 1515 896 historiae
1627 821 1630 833 ’

221 948 374 1012 Graeciae
398 949 541 1011 editione
556 948 822 1020 New·Yorkiana,
852 947 943 1019 1861,
969 945 1031 1012 vol.
1049 946 1123 1009 VIII
1146 966 1177 1027 p.
1196 960 1260 1024 279
1277 929 1318 1006 de
1333 945 1425 1026 pacis·
1439 964 1509 1006 con·

221 1060 403 1122 dicionibus
418 1059 512 1121 dicit:
533 1060 615 1128 »and
630 1059 701 1121 that
724 1079 767 1122 no
790 1078 865 1120 man
886 1056 1002 1120 should
1018 1054 1241 1140 bemolested
1264 1055 1314 1118 lor
1335 1065 1411 1137 past
1433 1066 1511 1129 acts,

220 1179 340 1252 except
362 1169 418 1232 the
442 1169 567 1250 Thirty,
592 1169 648 1232 the
670 1169 791 1232 Eleven
815 1169 878 1232 and
902 1166 958 1231 the
982 1168 1062 1242 Ten,
1097 1165 1168 1230 who
1199 1164 1264 1228 had
1293 1167 1457 1246 governed
1481 1167 1513 1228 in

219 1281 387 1344 Peiraeus‹
414 1289 445 1341 et
477 1302 507 1362 p.
540 1282 620 1346 280:
658 1279 785 1360 ›Again
817 1277 942 1342 Eleusis
975 1279 1110 1342 became
1138 1277 1366 1360 incorporated
1394 1277 1426 1340 in
1457 1275 1513 1339 the

220 1411 310 1453 same
333 1391 534 1470 community
556 1389 633 1454 with
662 1389 800 1462 Athens,
834 1388 928 1454 oaths
959 1388 998 1451 oi
1021 1387 1145 1450 mutual
1173 1397 1323 1468 amnesty
1353 1385 1417 1450 and
1445 1385 1513 1448 har·

219 1521 321 1582 mony
344 1501 444 1582 being
466 1520 571 1563 sworn
594 1501 639 1581 by
661 1521 759 1581 every
785 1520 878 1571 one«,
904 1509 936 1569 et
960 1508 1076 1582 postea
1106 1519 1137 1580 p.
1167 1513 1252 1577 ,2921
1285 1497 1332 1559 >It
1357 1497 1428 1560 'was
1458 1497 1513 1560 the

219 1611 288 1674 first
311 1632 457 1675 measure
479 1611 517 1674 ol
534 1611 756 1692 Thrasybulus
789 1611 852 1672 and
882 1609 932 1672 his
958 1609 1179 1691 companians,
1209 1605 1290 1669 alter
1318 1606 1514 1689 concluding

219 1722 282 1784 the
298 1730 404 1804 treaty
420 1723 496 1786 with
518 1721 706 1794 Pausanias
732 1722 795 1784 and
819 1721 893 1783 thus
916 1720 1104 1800 recutering
1119 1717 1175 1804 the
1191 1718 1266 1800 city,
1291 1729 1327 1782 to
1343 1719 1514 1800 exchange

220 1833 345 1895 solemn
370 1832 463 1896 oaths
493 1832 532 1897 ol
551 1839 699 1912 amnesty
723 1831 772 1894 ior
801 1830 857 1894 the
881 1841 954 1912 past
989 1829 1066 1892 with
1108 1827 1202 1892 those
1244 1828 1372 1908 against
1405 1829 1514 1910 whom

221 1943 299 2024 they
328 1942 395 2006 had
420 1942 486 2022 just
517 1943 601 2005 been
631 1953 666 2004 at
688 1962 760 2005 war.
818 1940 944 2004 SImilar
967 1941 1061 2004 oaths
1092 1937 1130 2002 ol
1154 1948 1304 2020 arnnesty
1332 1959 1415 2003 were
1445 1939 1514 2002 also

223 2053 413 2135 exchanged
435 2053 512 2116 with
536 2054 629 2116 those
654 2053 685 2114 in
709 2051 843 2124 Eleusis,
870 2072 905 2113 as
928 2071 1011 2114 soon
1039 2072 1075 2112 as
1107 2051 1178 2114 that
1199 2059 1285 2113 town
1319 2071 1412 2112 carne
1446 2050 1513 2114 into

222 2164 302 2227 their
325 2185 444 2246 power.
492 2163 564 2226 The
588 2163 665 2244 only
688 2181 824 2245 persons
847 2163 1007 2243 excepted
1039 2161 1122 2224 from
1154 2159 1219 2224 this
1249 2170 1399 2243 amnesty
1429 2181 1514 2226 were

220 2274 275 2338 the
299 2274 424 2356 Thirty,
450 2275 505 2337 the
526 2274 647 2338 Eleven
764 2271 829 2333 and
853 2270 909 2333 the
932 2271 1003 2334 Ten
1027 2270 1100 2336 who
1123 2271 1189 2334 had
1206 2271 1370 2352 governed
1393 2272 1424 2333 In
1448 2271 1514 2334 Pei·

181 2417 184 2424 »
220 2405 321 2447 raeus
369 2385 460 2447 Even
484 2383 574 2446 these
593 2403 732 2466 persons
755 2402 839 2444 were
863 2391 921 2444 not
942 2382 1174 2464 peremptorily
1197 2380 1372 2447 banished:
1396 2401 1512 2464 oppor-

219 2495 327 2575 tunity
349 2516 416 2557 was
440 2494 562 2558 offered
585 2504 619 2558 to
636 2495 727 2558 them
743 2505 778 2558 to
795 2513 889 2560 come
911 2493 942 2555 in
958 2493 1023 2556 and
1045 2492 1123 2555 take
1138 2491 1222 2554 their
1237 2492 1307 2555 trial
1329 2491 1366 2554 ol
1378 2512 1512 2555 accoun-

219 2605 378 2689 tability‹.
428 2607 457 2669 E
481 2607 599 2690 quibus
622 2627 688 2668 non
709 2627 769 2689 pro
801 2615 890 2669 certo
914 2604 1060 2676 dixerim,
1084 2624 1169 2688 quae
1193 2601 1305 2666 Grotei
1327 2602 1423 2666 suerit
1445 2623 1512 2666 sen·

220 2718 328 2780 tentia.
376 2718 499 2780 Primus
523 2716 622 2788 locus,
648 2717 701 2802 qui
725 2736 784 2799 per
807 2717 842 2780 s'e
866 2715 983 2779 eodem
999 2735 1095 2777 sensu
1111 2712 1261 2796 explicari
1275 2721 1392 2796 potest,
1416 2735 1513 2798 quem

218 2827 323 2893 solum
354 2837 477 2890 rectum
505 2848 576 2890 esse
607 2835 640 2889 et
674 2827 737 2888 iam
771 2826 909 2889 vidimus
945 2834 977 2887 ct
1012 2825 1203 2897 videbimus,
1235 2832 1345 2886 tamen
1381 2834 1514 2908 propter

218 2936 280 3000 loci
303 2938 388 3001 tertii
412 2938 512 3000 verba
535 2937 675 2999 indicare
699 2937 828 2999 videtur
851 2946 1018 2999 auctorem
1048 2935 1239 2997 amnestiam
1271 2935 1360 3015 pacis
1390 2934 1512 3000 habere

218 3048 451 3114 condicionem.
497 3049 608 3111 Tertio
631 3056 740 3109 autern
764 3047 846 3120 loco,
880 3057 916 3109 ut
949 3044 1180 3117 difficultatem,
1212 3065 1310 3128 quam
1345 3045 1511 3110 Mitfordio

219 3167 251 3220 et
263 3157 319 3230 eiS,
338 3145 392 3241 qui
410 3179 484 3221 eum
501 3166 687 3244 sequuntur,
702 3157 831 3219 obstare
851 3157 950 3220 modo
968 3156 1271 3231 demonstravimus,
1285 3157 1409 3232 vitaret,
1424 3158 1515 3221 addi-

217 3264 264 3326 dit
286 3275 363 3346 post
378 3265 526 3328 exsulum
549 3266 686 3330 reditum
703 3267 908 3348 Thrasybulo
931 3275 1062 3330 auctore
1086 3266 1290 3330 iureiurando
1320 3267 1511 3329 amnestiam

216 3385 363 3438 sanctam
387 3396 466 3450 esse,
493 3376 590 3444 refert
614 3377 711 3458 igitur
731 3377 795 3440 huc
818 3378 955 3460 Nepotis
988 3377 1096 3440 locum
1123 3396 1220 3458 supra
1251 3376 1448 3456 exscriptum
1479 3386 1513 3439 et

217 3485 396 3548 iuramenta
417 3487 506 3568 apud
530 3487 738 3550 Andocidem
760 3497 886 3550 servata
908 3497 941 3550 et
956 3487 1035 3549 alios
1051 3486 1142 3549 locos
1158 3486 1285 3549 multos,
1332 3486 1383 3550 Eo
1400 3496 1510 3550 autem

216 3595 257 3658 ab
282 3595 467 3662 hominibus
490 3596 555 3658 iam
578 3597 683 3660 citatis
706 3597 820 3670 diflert,
854 3598 943 3680 quod
974 3618 1040 3660 non
1071 3597 1167 3660 docet
1196 3595 1349 3660 Eleusine
1380 3606 1510 3680 recepta

215 3707 408 3769 amnestiam
432 3707 580 3769 iteratam
605 3718 639 3771 et
667 3717 794 3771 auctam
819 3728 900 3785 esse,
923 3709 982 3800 sed
1005 3715 1130 3771 tantum
1154 3727 1229 3769 cum
1253 3707 1308 3781 eie,
1333 3708 1388 3792 qui
1417 3709 1508 3772 Eleu-

215 3817 284 3878 sine
309 3815 451 3888 fuissent,
477 3815 761 3882 communicatam.
808 3819 882 3900 Qua
905 3818 945 3880 de
970 3838 1067 3881 causa
1090 3816 1171 3880 haec
1195 3817 1224 3879 ei
1248 3836 1313 3880 non
1335 3828 1388 3880 est
1410 3817 1510 3882 altera

215 3926 381 4000 amnestia,
406 3926 465 3988 sed
495 3928 640 3991 eiusdem
665 3931 842 3993 amnestiae
874 3929 1023 3992 decretae
1052 3937 1145 3990 actus
1176 3929 1268 4013 quasi
1298 3928 1378 3993 alter
1407 3929 1509 3994 altero

215 4037 327 4111 minor,
351 4057 457 4122 neque
481 4047 622 4101 statuere
646 4049 756 4122 potest
778 4061 850 4104 eam
874 4040 972 4104 etiam
1002 4038 1228 4120 trigintaviros,
1261 4039 1507 4115 undecimviros,

213 4147 413 4210 decemviros
444 4150 650 4232 complexam
681 4171 761 4216 esse.
819 4150 913 4231 Quae
954 4147 1066 4212 Grotei
1097 4149 1268 4223 sententia,
1289 4169 1506 4234 ¹quamquam

213 4257 326 4320 melior
359 4258 495 4322 sortasse
527 4269 576 4324 est
606 4281 704 4345 quam
735 4281 848 4323 omnes
878 4269 1004 4322 ceterae
1041 4267 1073 4320 et
1102 4256 1217 4322 allatae
1245 4267 1278 4322 et
1308 4259 1500 4333 afferendae,

213 4378 323 4430 tamen
344 4370 447 4451 accipi
471 4392 678 4455 nequaquam
700 4381 818 4455 potest,
844 4372 919 4456 quia
942 4373 1047 4436 nullus
1071 4381 1121 4436 est
1144 4369 1242 4444 locuS,
1269 4391 1335 4455 quo
1366 4372 1407 4434 ad
1431 4390 1504 4434 eam

210 4480 417 4553 adducamur,
441 4481 627 4564 Xenophon
649 4493 757 4547 autem
779 4493 813 4546 et
835 4483 975 4546 Iustinus
997 4493 1031 4547 et
1053 4483 1105 4548 alii
1130 4501 1202 4544 eam
1226 4481 1355 4560 probari
1379 4490 1499 4556 vetant,

315 4607 434 4669 Ltlbbert,
455 4607 487 4656 de
504 4609 634 4657 amnestia.
1307 4620 1322 4670 3
