3402 5172
755 299 944 397 A..

212 531 263 573 res
292 511 387 574 nobis
415 511 606 574 tractandae
632 512 749 584 insunt,
784 513 836 574 alii
867 534 941 574 cum
975 513 1139 574 Heerenio
1168 515 1181 590 (
1188 509 1436 572 »commentatio
1464 507 1506 567 de

212 623 314 703 Trogi
337 623 454 705 Pomp.
478 623 619 684 lontibus
642 632 676 684 et
710 625 920 686 auctoritate«
946 625 978 685 in
999 643 1119 684 comm
1144 643 1210 683 soc.
1236 620 1326 684 Gott
1357 621 1411 682 vol
1439 619 1512 690 XV,

131 765 135 776 ¹
211 755 237 796 a.
268 736 362 810 1804,
387 753 418 816 p.
451 736 509 813 185
532 735 621 814 sqq.)
644 733 901 816 Theopompum
932 735 1055 797 habent
1089 733 1214 795 sontem
1247 753 1421 804 summum,
1451 730 1512 803 alii,

211 854 248 907 ut
270 843 485 926 Wolffgarten
509 844 598 926 (rDe
621 843 746 926 Ephori
769 857 803 906 et
825 845 964 907 Dinonis
987 845 1128 906 historiis
1151 865 1172 906 a
1192 844 1307 926 Trogo
1322 845 1435 926 Pomp.
1460 863 1513 902 ex-

211 955 361 1038 pressis«,
391 954 481 1022 1868.
512 976 543 1036 p.
574 968 613 1032 57
637 957 724 1036 sqq.)
753 957 863 1017 omnia
885 957 1032 1018 tribuunt
1062 955 1209 1036 Ephoro,
1233 953 1295 1025 alii
1329 967 1365 1016 ut
1399 952 1512 1016 Fricke

212 1065 542 1151 (›Untersuchungen
571 1066 653 1127 iiber
674 1067 727 1128 die
755 1065 893 1145 Quellen
922 1067 981 1128 des
1012 1066 1201 1128 Plutarchos
1232 1067 1276 1127 im
1306 1065 1417 1128 Nikias
1447 1063 1512 1124 und

210 1176 434 1249 Alkibiadesr,
465 1176 560 1256 1869)
585 1185 618 1238 et
640 1175 767 1257 Natorp
791 1179 911 1260 (›quos
934 1187 1085 1238 auctores
1106 1177 1139 1238 in
1161 1177 1215 1240 ult.
1232 1177 1306 1238 belli
1333 1175 1398 1241 Pel.
1421 1175 1512 1238 aunis

211 1287 312 1349 deser.
336 1286 438 1348 secuti
461 1287 525 1348 sint
539 1286 636 1348 Diod.
655 1286 738 1348 Plut.
753 1286 851 1349 Corn.
870 1289 959 1364 lust,
985 1288 1077 1366 1876,
1100 1297 1133 1350 et
1152 1287 1281 1350 ›Ueber
1304 1287 1356 1348 die
1375 1285 1512 1365 Quellen

210 1399 267 1460 der
289 1396 478 1477 griechisch.
505 1393 703 1459 Geschichte
726 1395 851 1459 liiidie
878 1397 975 1476 Jahre
1005 1415 1215 1476 404-394‹‚
1246 1399 1277 1458 in
1310 1395 1511 1458 »Zeitschrist

211 1508 261 1570 sur
284 1508 336 1570 die
360 1516 492 1571 oesterr.
516 1503 736 1586 Gymnasien‹
762 1504 887 1568 XXVII
910 1526 942 1586 p.
969 1506 1167 1586 561—584),
1191 1506 1247 1585 qui
1279 1514 1390 1566 tamen
1418 1504 1507 1565 Iusti-

213 1639 291 1680 num
321 1618 435 1698 magis,
467 1636 565 1696 quam
596 1634 737 1694 aequum
768 1624 846 1688 erat,
883 1615 1044 1697 neglexit,
1069 1617 1170 1678 altera
1202 1616 1349 1678 tribuunt
1375 1614 1512 1696 Ephoro

212 1728 314 1792 altera
335 1727 566 1808 Theopompo.
613 1724 827 1788 Consentiunt
850 1726 947 1806 igitur
970 1747 1085 1788 omnes
1108 1727 1229 1788 sercin
1253 1746 1294 1788 eo
1318 1725 1512 1806 Pompeium

212 1859 277 1902 non
307 1859 326 1900 e
356 1836 578 1918 Xenophonte
608 1837 681 1917 ipso
712 1836 866 1908 hausisse,
900 1855 1103 1916 quamquam
1139 1835 1268 1898 Heeren
1291 1837 1309 1897 l.
1341 1835 1359 1899 I
1390 1857 1421 1916 p.
1448 1836 1512 1896 216

213 1949 306 2012 dicit:
334 1948 398 2010 »Et
420 1947 567 2026 quamvis
599 1945 630 2007 in
664 1946 824 2008 nonnullis
849 1945 1108 2028 Xenophontem
1137 1946 1284 2026 Trogum
1313 1946 1512 2009 consuluisse

212 2059 327 2123 lubens
343 2058 533 2130 concedam,
549 2055 706 2138 imprimis
726 2065 928 2118 tamencum
951 2056 1003 2118 hic
1026 2076 1158 2136 quoque
1180 2057 1437 2139 Theopompum
1453 2057 1505 2118 du·

212 2189 284 2232 cem
322 2167 478 2248 elegisse,
517 2167 563 2230 ita
599 2176 719 2240 tamen,
757 2175 793 2228 ut
829 2167 861 2228 in
897 2167 966 2230 aliis
1005 2166 1181 2249 praelerret
1220 2165 1407 2249 Ephorum,
1447 2187 1512 2230 cer·

213 2288 282 2342 tum
306 2287 385 2344 estc
442 2276 522 2340 Mihi
557 2278 688 2357 quidem
722 2277 777 2350 eis,
816 2297 901 2357 quae
933 2278 1129 2360 Xenophon,
1162 2279 1311 2351 Iustinus,
1345 2278 1510 2340 Diodorus

212 2389 352 2461 tradunt,
377 2387 582 2469 comparatis,
606 2408 679 2451 cum
702 2389 837 2469 singula,
863 2410 947 2470 quae
970 2390 1123 2472 pleraque
1141 2398 1227 2451 recte
1250 2389 1400 2471 exposita
1421 2388 1509 2470 apud

213 2497 494 2578 Wolffgartcnium
518 2519 548 2581 p.
585 2499 715 2578 55-60
738 2500 952 2574 Inveniuntur,
983 2501 1025 2563 ab
1049 2500 1143 2563 huius
1172 2500 1405 2562 dissertationis
1439 2521 1511 2581 pro-

213 2610 322 2694 posito
351 2609 456 2672 aliena
485 2609 556 2683 sint,
583 2609 615 2672 in
648 2611 833 2672 universum
856 2609 938 2674 haec
971 2621 1138 2677 constant:
1169 2611 1301 2693 Trogus
1335 2612 1510 2693 Pompeius

216 2739 396 2799 numquam
432 2719 592 2782 consuluit
625 2719 878 2804 Xenophontem
913 2723 1028 2805 ipsum,
1064 2722 1122 2784 sed
1156 2742 1319 2806 perpauca
1349 2743 1396 2795 ea,
1427 2742 1511 2802 quae

209 2829 337 2912 Justino
359 2849 434 2892 cum
455 2828 675 2913 Xenophonte
699 2832 884 2893 communia
913 2842 997 2906 sunt,
1022 2833 1105 2895 inter
1136 2852 1218 2912 quae
1246 2843 1374 2916 praeter
1401 2830 1511 2895 locum

214 2940 308 3004 nobis
332 2940 536 3004 tractandum
560 2940 660 3002 totius
681 2940 752 3004 libri
776 2941 876 3020 quinti
908 2942 1028 3006 nullum
1061 2945 1307 3017 numeraverim,
1340 2945 1407 3007 eius
1439 2943 1512 3006 fons

215 3049 467 3133 eXenophonte
489 3050 636 3134 sumpsit.
683 3049 886 3115 Conveniunt
907 3063 1015 3115 autem
1032 3055 1142 3117 omnia
1164 3053 1240 3128 lere,
1266 3074 1349 3134 quae
1372 3055 1511 3137 Iustinus

214 3160 277 3225 hoc
300 3160 382 3223 libro
405 3170 520 3233 narrat,
545 3180 745 3240 quamquam
776 3162 934 3246 imprimis
958 3165 998 3225 de
1022 3164 1182 3247 capitibus
1217 3177 1231 3243 5
1259 3164 1336 3226 et6
1367 3162 1512 3225 difficilli-

214 3291 304 3334 mum
326 3279 377 3333 est
398 3271 475 3333 certi
498 3269 619 3354 aliquid
643 3280 795 3345 statuere,
829 3274 873 3336 ita
904 3293 977 3336 cum
1002 3275 1160 3356 Diodoro,
1185 3283 1219 3336 ut
1243 3295 1285 3337 ex
1318 3295 1359 3337 eo
1393 3273 1511 3336 hausta

215 3401 286 3448 esse
309 3381 531 3465 nonpossint,
557 3381 614 3444 sed
640 3391 674 3444 ut
697 3391 870 3467 utrumque
894 3385 1011 3447 codem
1036 3383 1125 3446 sonte
1149 3403 1241 3446 usum
1258 3406 1328 3447 esse
1344 3394 1508 3469 appareat.

215 3494 290 3574 Qua
312 3492 352 3556 de
376 3511 473 3554 causa
495 3492 578 3554 redit
601 3494 750 3573 quaestio
775 3504 883 3558 nostra
915 3496 957 3557 ad
990 3495 1093 3568 aliam,
1120 3515 1218 3577 quem
1244 3505 1409 3557 auctorem
1434 3495 1510 3556 Dio-

215 3604 313 3667 dorus
335 3604 375 3667 de
391 3603 440 3666 his
456 3603 659 3688 temporibus
676 3625 751 3666 usus
766 3604 816 3678 sit,
841 3605 882 3666 de
898 3624 963 3684 qua
979 3606 1170 3689 quaestione
1192 3607 1300 3668 adhuc
1322 3605 1382 3668 sub
1406 3606 1510 3668 iudice

213 3714 251 3776 lis
275 3722 333 3787 est,
359 3733 434 3776 nam
457 3713 686 3794 Volquardsen
711 3713 1040 3796 (»Untersuchungen
1063 3717 1143 3779 iiber
1166 3717 1294 3780 Diodor
1320 3716 1506 3780 Xl—XVle

214 3845 242 3892 a.
272 3823 376 3907 1868,)
400 3843 499 3886 unum
529 3823 697 3905 Ephorum
725 3825 826 3888 habet
859 3846 965 3889 rerum
996 3825 1191 3890 Graecarum
1220 3829 1355 3902 fontem,
1388 3828 1449 3902 alii,
1475 3838 1510 3890 ut

216 3934 331 3998 Fricke
355 3943 387 3996 et
410 3933 547 4018 Natorp,
571 3934 670 3997 modo
694 3935 947 4020 Theopompum
972 3949 1104 4002 censent
1120 3939 1298 4001 adhibitum
1315 3958 1387 3999 esse
1410 3938 1509 4000 modo

217 4043 398 4125 Ephorum.
446 4041 524 4116 Sed,
556 4053 638 4108 utut·
658 4046 739 4109 haec
767 4067 818 4109 res
847 4067 918 4110 sese
949 4047 1056 4123 habet,
1087 4057 1313 4132 praeterquam
1342 4049 1431 4129 quod
1459 4069 1508 4121 ea,

217 4174 301 4235 quae
324 4151 490 4216 Diodorus
511 4152 590 4216 XIV
613 4171 652 4233 33
677 4165 710 4218 et
733 4172 776 4235 34
804 4157 910 4231 tradit,
943 4179 1056 4221 omnes
1088 4161 1129 4223 ad
1163 4159 1332 4242 Ephorum
1357 4159 1508 4232 referunt,

216 4271 325 4326 nostra
349 4282 414 4325 non
436 4261 572 4325 multum
602 4265 743 4339 interest,
776 4275 881 4330 utrum
911 4268 1080 4350 Ephorum
1110 4269 1315 4352 exscripserit
1343 4269 1508 4332 Diodorus

214 4394 254 4436 an
278 4371 545 4456 Theopompum,
570 4393 646 4438 nam
670 4385 842 4460 utrumque
867 4388 995 4440 constat
1016 4379 1243 4462 Xenophontis
1264 4380 1421 4443 hellenica
1456 4379 1508 4441 ad-

214 4483 367 4558 hibuisse,
392 4481 437 4544 ita
460 4492 578 4558 tamen,
604 4493 638 4550 ut
667 4505 732 4552 non
762 4507 835 4550 eum
867 4490 1073 4561 exscriberet,
1098 4490 1155 4552 sed
1185 4491 1234 4552 sui
1258 4489 1334 4552 iuris
1357 4488 1507 4554 historias
