3402 5172
742 424 760 430 -.
817 349 858 413 93

200 533 295 598 stiam
320 539 351 599 iu
375 539 518 601 urbanos
542 548 745 612 servaverint.
796 549 866 612 Hac
889 548 985 628 igitur
1008 549 1155 610 oratione
1178 568 1276 628 quarn
1300 549 1442 612 maxime
1465 570 1494 610 a·

201 650 338 712 mnestia
354 651 573 734 impugnatur,
598 666 739 720 attamen
757 679 862 742 neque
877 657 940 721 hac
963 679 1060 721 causa
1083 658 1170 721 laesa
1194 669 1250 730 est,
1275 659 1351 742 quia
1367 667 1496 721 constat

199 760 389 823 Euandrum
413 764 453 826 ol.
477 783 520 845 99
545 787 572 829 a.
600 787 616 848 3
643 793 682 830 :
710 767 803 848 382l1
831 767 1020 831 archontem
1050 767 1156 832 fuisse.
1203 769 1316 851 ltaque
1343 763 1404 832 hac
1427 789 1495 834 ora·

198 872 286 935 tione
309 875 535 957 Xenophontis
559 879 658 942 verba
674 899 770 959 supra
793 879 888 940 allata
907 899 971 940 non
995 879 1157 953 tolluntur,
1185 881 1286 942 immo
1306 879 1495 943 confirman-

200 992 261 1057 tur,
294 986 447 1066 quoniam
477 989 602 1070 optime
632 1012 673 1053 ex
704 990 764 1053 hac
794 990 940 1080 oratione
971 1001 1106 1074 apparet
1137 989 1234 1052 etiam
1263 1009 1348 1054 anno
1373 995 1434 1071 382
1467 1013 1493 1054 a·

201 1096 371 1158 mnestiam
396 1097 534 1161 Athenis
558 1101 706 1167 valuisse.

274 1251 280 1262 .
307 1207 419 1289 Atque
440 1210 523 1271 hanc
548 1221 678 1293 oportet
699 1211 840 1301 illorum
857 1211 1030 1274 verborum
1065 1229 1136 1273 esse
1165 1211 1360 1274 sententiam
1392 1233 1493 1294 usque

202 1315 243 1376 ad
268 1317 300 1378 id
325 1326 471 1398 tempus,
496 1342 563 1403 quo
587 1322 772 1404 Xenophon
798 1323 919 1404 primos
944 1319 1236 1403 libros'scripserit
1266 1322 1316 1384 vel
1348 1321 1496 1395 finiverit,

201 1429 393 1490 amnestiam
417 1430 462 1492 ita
495 1431 642 1506 valuisse,
678 1443 712 1494 ut
739 1432 821 1513 legis
853 1431 1081 1495 auctoritatem
1115 1427 1289 1504 retinuerit,
1318 1441 1358 1494 ut
1389 1453 1495 1515 neque

201 1539 313 1622 populi
336 1540 469 1605 decreto
492 1542 620 1606 sublata
653 1545 693 1605 sit
716 1562 820 1623 neque
853 1525 1117 1620 damnationibus
1148 1542 1255 1605 multis
1285 1543 1371 1605 irrita
1401 1543 1494 1606 facta.

200 1649 386 1730 Numquam
420 1671 493 1714 eam
529 1653 647 1715 laesam
672 1675 743 1716 esse
767 1673 808 1716 ex
829 1653 879 1715 his
903 1653 1009 1715 verbis
1033 1652 1141 1734 colligi
1165 1662 1377 1735 nonoportet
1391 1673 1497 1736 neque

202 1761 262 1854 dici
287 1762 402 1844 potuit,
428 1781 512 1840 nam,
539 1784 735 1845 quamquam
768 1785 892 1844 paucae
921 1765 989 1826 sine
1019 1763 1120 1825 dubio
1143 1764 1298 1827 'omnium
1328 1783 1496 1826 causarum

202 1872 248 1934 eis
271 1873 361 1934 annis
385 1852 529 1935 actarum
552 1874 646 1937 nobis
670 1884 765 1938 notae
787 1884 872 1948 sunt,
898 1883 1008 1938 tamen
1032 1873 1161 1953 saepius
1184 1873 1325 1936 vidimus
1349 1874 1497 1938 homines

201 1983 354 2045 adversus
376 1985 568 2046 amnestiam
593 1983 764 2049 accusatos
781 2006 862 2060 esse,
889 1986 981 2058 duos,
999 1982 1233 2048 Menestratum
1250 1992 1283 2047 et
1300 1986 1496 2066 Aguratum,

203 2094 375 2156 damnatos
396 2115 466 2157 esse
488 2096 598 2159 videri.
1047 2099 1050 2104 ’
1241 2095 1242 2103 '

769 2257 940 2359 tritonus.

308 2404 325 2486 ξ
350 2422 401 2484 33.
455 2406 625 2469 Laudandi
656 2416 742 2469 certe
771 2416 845 2469 sunt
880 2406 1098 2470 Athenienses
1127 2394 1216 2485 quod
1262 2406 1349 2469 mala
1382 2405 1497 2484 civilia,

202 2515 319 2594 quibus
344 2516 466 2578 maiora
488 2517 598 2600 populi
624 2537 689 2580 non
720 2537 819 2597 saepe
854 2517 1087 2599 perpetiuntur,
1120 2523 1188 2577 tarn
1220 2516 1334 2580 leniter
1364 2536 1498 2598 compo-

203 2635 344 2698 suerunt,
359 2629 448 2707 quod
459 2647 571 2691 omnes
581 2628 710 2691 iniurias
726 2629 926 2709 ignoverunt,
941 2628 1031 2709 quod
1043 2643 1118 2688 curn
1131 2627 1178 2689 eis
1190 2627 1385 2701 hominibus,
1403 2628 1498 2707 aqui-

204 2735 265 2798 bus
277 2736 371 2798 bonis
384 2747 416 2799 et
428 2737 558 2800 civitate
570 2739 687 2820 privati
701 2745 800 2811 erant,
821 2739 1025 2800 concorditer
1037 2738 1195 2812 vixerunt,
1209 2739 1242 2800 et
1253 2738 1334 2799 haec
1348 2757 1398 2798 res
1408 2757 1499 2819 mag-

203 2867 278 2909 nam
289 2847 379 2926 parvi
392 2846 473 2909 illius
486 2849 597 2930 populi
612 2849 748 2929 gloriam
761 2847 900 2910 firmavit
910 2856 942 2910 et
955 2849 1053 2922 auxit,
1065 2867 1263 2932 quamquam
1276 2867 1340 2909 non
1354 2847 1498 2923 deerunt,

204 2959 258 3041 qui
271 2966 380 3042 tamen
403 2978 460 3020 eos
474 2959 665 3041 vituperent,
684 2961 775 3044 quod
789 2980 854 3022 non
870 2959 965 3041 plane
979 2959 1159 3021 amnestiae
1182 2968 1282 3041 pacta¹
1290 2958 1497 3033 servaverint,

203 3068 292 3151 quod
305 3069 438 3130 omnino
448 3072 672 3134 accusationes
685 3081 820 3153 propter
832 3089 883 3132 res
897 3069 1051 3131 oblivibni
1061 3068 1184 3150 dandas
1192 3068 1385 3150 acceperint.
1410 3068 1498 3131 Vidi-

204 3197 273 3240 mus
287 3179 318 3262 (ᾗ
333 3181 384 3258 29)
398 3180 578 3242 Archinum
590 3180 662 3262 lege
675 3201 732 3243 sua
745 3181 777 3242 id
790 3181 906 3260 egisse,
921 3188 957 3242 ut
969 3199 1084 3252 omnes
1097 3199 1213 3242 causae
1225 3179 1379 3241 adversus
1392 3197 1499 3242 amne·

203 3289 296 3351 stiam
311 3290 473 3354 institutae
496 3299 530 3354 ut
546 3293 683 3355 iniustae
701 3293 919 3363 reiicerentur,
937 3291 1048 3354 sedne
1068 3292 1130 3354 hac
1143 3289 1274 3373 quidem
1292 3288 1364 3369 lege
1377 3287 1501 3352 factum

204 3407 263 3474 est,
288 3400 376 3483 quod
393 3411 528 3481 propter
543 3406 734 3466 amnestiam
751 3405 856 3486 ipsam
873 3401 940 3466 fieri
957 3401 1110 3486 oportuit.
1143 3399 1237 3462 Nulla
1254 3399 1359 3461 oratio
1372 3409 1502 3483 praeter

204 3508 288 3572 illam
313 3511 464 3573 Isocratis
489 3513 556 3575 eius
580 3515 780 3577 mentionem
804 3513 888 3587 lacit,
913 3533 1018 3599 neque
1042 3513 1209 3592 Agoratus
1231 3509 1292 3572 hac
1308 3509 1381 3591 lege
1405 3531 1496 3573 accu-

203 3621 364 3683 sationem
387 3619 526 3690 relutare
550 3633 685 3686 conatus
710 3633 767 3698 est,
800 3644 905 3708 neque
929 3622 1118 3687 Andocides
1148 3640 1222 3684 eam
1252 3630 1498 3696 commemorat,

204 3751 310 3816 neque
334 3732 365 3794 in
389 3734 589 3797 orationibus
613 3735 645 3796 in
669 3734 868 3818 δοκιμασίαις
890 3734 1009 3796 habitis
1026 3734 1093 3795 eius
1117 3731 1153 3796 fit
1176 3733 1307 3807 menti0,
1333 3753 1439 3816 neque
1463 3733 1500 3806 is,

206 3842 258 3925 qui
282 3843 431 3908 Isocratis
451 3845 597 3908 oratione
620 3865 655 3908 se
680 3844 825 3908 defendit
855 3845 916 3908 hac
939 3845 1011 3925 lege
1033 3843 1281 3928 ‘accusationem
1311 3841 1499 3906 refutavisse

204 3956 282 4016 satis
305 3956 414 4029 habet,
439 3956 497 4018 sed
521 3955 628 4030 etiam,
653 3957 686 4018 id
709 3956 798 4039 quod
822 3956 889 4018 fieri
913 3955 980 4017 iure
1004 3974 1072 4016 non
1097 3953 1257 4035 oportuit,
1283 3974 1318 4016 se
1348 3953 1497 4016 innocen·

205 4073 271 4126 tem
288 4082 358 4126 esse
376 4067 597 4130 demonstrare
613 4075 757 4131 conatur.
783 4065 893 4149 Atque
910 4063 987 4127 item
1004 4084 1119 4126 omnes
1135 4063 1292 4128 adversus
1307 4063 1505 4126 amnestiam

205 4176 357 4253 accusati,
393 4186 619 4261 praeterquam
655 4177 745 4260 quod
774 4195 841 4249 res,
877 4195 1015 4259 quarum
1046 4175 1185 4237 accusati
1217 4182 1307 4248 sunt,
1344 4174 1502 4237 amnestia

206 4282 335 4348 decreta
357 4286 521 4349 oblivione
544 4287 701 4349 delendas
722 4305 792 4349 esse
815 4286 1048 4359 demonstrant,¹
1074 4285 1186 4348 iniuria
1209 4285 1355 4346 omnium
1385 4305 1499 4348 earnm

205 4415 240 4456 se
261 4395 352 4475 argui
375 4397 598 4460 demonstrare
619 4405 786 4460 conantur.
836 4395 990 4480 Sequitur
1021 4396 1128 4477 igitur,
1153 4403 1189 4458 ut
1217 4413 1313 4458 nemo
1345 4395 1405 4458 sibi
1429 4415 1498 4479 per·

205 4506 340 4568 suaserit
362 4505 440 4579 fore,
464 4516 499 4567 ut
521 4517 654 4590 propter
677 4507 780 4570 solam
805 4507 996 4570 amnestiam
1020 4527 1039 4570 a
1062 4505 1220 4570 iudicibus
1243 4505 1439 4569 liberaretur.
