3402 5172
857 311 947 374 50·

228 511 334 593 potuit
359 511 455 574 etiam
480 511 591 592 viginti
615 511 665 572 vel
689 511 823 592 triginta
844 511 1030 573 hominibus
1050 510 1171 572 civitati
1188 510 1310 572 inlestis
1325 510 1357 572 in
1375 511 1522 574 exsilium

229 622 343 691 missis,
379 641 453 683 nam
484 621 545 683 hac
575 643 609 684 re
643 620 803 683 mehercle
840 621 1088 684 Atheniensium
1123 621 1238 682 civitas
1273 621 1304 682 in
1340 622 1524 703 complures

228 742 337 813 partes
369 733 471 794 divisa
500 752 565 794 non
595 741 671 794 erat.
728 731 793 812 Qui
817 731 943 812 singula
971 732 1072 794 verba
1096 741 1162 794 tam
1186 731 1282 794 anxie
1305 732 1373 794 vult
1396 753 1520 814 urgere,

229 861 348 924 negare
373 843 472 906 debet
495 843 743 906 Atheniensium
767 843 932 905 civitatem
957 863 1110 924 umquam
1128 862 1225 904 unam
1242 842 1348 915 fuisse,
1368 863 1523 925 umquam

228 953 323 1033 plena
353 973 434 1036 pace
464 973 556 1015 usam
586 974 665 1027 esse,
696 972 770 1016 nam
801 954 942 1015 nonnulli
973 954 1059 1016 cives
1083 974 1213 1034 semper
1235 955 1265 1016 in
1290 955 1403 1017 exsilio
1425 955 1522 1036 dege-

227 1064 315 1136 bant,
340 1074 373 1127 et
402 1064 563 1128 interdum
588 1083 653 1125 non
685 1065 729 1126 ita
754 1065 858 1146 pauci,
890 1074 925 1126 ut
949 1065 1103 1127 docemur
1125 1065 1170 1125 eis
1193 1063 1331 1126 decretis
1356 1075 1521 1146 quattuor,

231 1174 350 1257 quibus
385 1173 551 1236 exsulibus
574 1184 607 1236 et
643 1174 775 1237 infamia
810 1176 929 1238 notatis
963 1175 1031 1236 iura
1062 1175 1167 1236 civilia
1200 1175 1326 1238 reddita
1360 1185 1444 1246 sunt,
1481 1177 1523 1239 de

227 1285 345 1366 quibus
368 1285 516 1348 conferas
538 1285 569 1347 P.
600 1305 662 1346 van
685 1284 841 1366 Lelyveld
869 1285 929 1347 »de
953 1285 1083 1347 infamia
1105 1285 1171 1348 iure
1197 1286 1342 1359 Attico«,
1368 1307 1396 1352 a.
1428 1290 1520 1366 1835,

226 1418 257 1479 p.
285 1399 348 1476 278
370 1416 419 1477 sq.
443 1395 615 1458 Praeterea
633 1405 757 1469 autem,
784 1405 819 1458 ut
845 1405 942 1458 antea
959 1396 1026 1457 dixi
1044 1395 1179 1458 fortasse
1202 1396 1313 1458 lustini
1331 1397 1521 1479 opinionem

226 1507 325 1570 fuisse
357 1527 472 1568 omnes
501 1507 719 1587 trigintaviros
748 1507 934 1569 interfectos
965 1527 1046 1580 esse,
1076 1506 1144 1568 fieri
1173 1516 1293 1588 potest,
1328 1517 1364 1569 ut
1388 1528 1421 1570 re
1444 1529 1522 1572 vera

227 1618 335 1681 verbis
368 1616 505 1680 laudatis
541 1637 669 1680 narrare
705 1618 841 1681 voluerit
875 1618 1036 1680 neminem
1071 1619 1113 1680 ab
1148 1618 1326 1680 amnestiae
1359 1618 1522 1681 beneficio

227 1728 395 1791 exclusum
419 1747 499 1790 esse.
534 1727 607 1790 Non
632 1747 711 1791 vero
735 1727 894 1791 Grossero
918 1750 949 1809 p.
977 1745 1015 1808 23
1041 1727 1115 1790 licet
1138 1749 1179 1792 ex
1195 1728 1258 1792 hoc
1275 1729 1384 1805 lustini
1402 1750 1520 1804 errore,

226 1840 315 1902 cuius
346 1838 468 1900 scilicet
497 1839 644 1901 convinci
673 1859 737 1900 non
768 1849 887 1921 potest,
920 1839 1072 1920 colligere
1107 1859 1183 1901 eum
1218 1839 1398 1903 iuramenta
1417 1840 1520 1921 'apud

226 1949 435 2014 Andocidem
465 1959 590 2014 servata
618 1949 736 2012 referre
766 1969 832 2010 non
861 1950 1007 2032 potuisse
1031 1950 1072 2010 ad
1097 1949 1300 2023 amnestiam,
1326 1969 1425 2031 quam
1450 1950 1521 2031 ipse

226 2083 323 2125 unam
364 2072 478 2125 narret.
540 2060 604 2141 Qui
648 2059 811 2122 existimat
851 2060 1007 2121 Iustinum
1053 2060 1104 2122 vel
1142 2060 1289 2140 Trogum
1326 2059 1521 2142 Pompeium

225 2174 340 2235 eadem
363 2172 527 2253 diligentia
550 2192 588 2234 ac
609 2191 668 2234 nos
685 2171 715 2232 in
733 2190 846 2232 omnes
862 2169 976 2243 sontes,
996 2171 1192 2252 quicumque
1209 2170 1342 2232 inveniri
1358 2179 1519 2252 poterant,

222 2283 432 2366 inquisivisse,
457 2283 540 2345 male
564 2281 654 2345 novit
678 2302 742 2344 non
766 2290 893 2344 tantum
916 2281 1036 2354 lustini,
1060 2283 1118 2343 sed
1142 2281 1289 2343 omnium
1325 2281 1520 2362 scriptorum

224 2394 430 2475 antiquorum
464 2393 627 2456 scribendi
661 2393 828 2455 rationem.
885 2393 951 2454 Pro
983 2401 1073 2454 certo
1102 2392 1168 2454 fere
1203 2393 1309 2454 dicere
1345 2413 1521 2475 possumus

223 2505 415 2584 Pompeium
430 2506 481 2568 vel
497 2505 653 2567 lustinum
667 2523 844 2585 numquam
857 2504 939 2565 hanc
951 2503 1132 2565 Andocidis
1145 2504 1324 2566 orationem
1341 2504 1520 2585 inspexisse

223 2626 320 2695 atque
350 2615 617 2677 verisimillimum
648 2623 698 2676 est
728 2635 802 2676 eum
834 2615 874 2676 de
905 2614 954 2676 his
984 2615 1187 2688 iuramentis,
1219 2635 1302 2695 quae
1328 2634 1405 2676 num
1430 2616 1519 2694 apud

223 2726 322 2789 ullum
346 2726 442 2788 alium
474 2727 665 2807 scriptorem
696 2725 814 2786 tradita
840 2723 966 2796 fuerint,
999 2725 1139 2788 dubitari
1168 2726 1251 2799 licet,
1277 2725 1353 2789 nihil
1377 2728 1516 2793 scivisse.

329 2840 349 2916 ξ
376 2854 424 2916 19.
471 2837 648 2916 Postquam
671 2837 716 2897 sic
740 2837 1033 2898 demonstravimus
1056 2819 1120 2898 noh
1146 2857 1224 2910 esse,
1250 2859 1306 2900 cur
1330 2839 1424 2900 nobis
1448 2859 1517 2920 per-

222 2948 396 3009 suadeatur
412 2947 455 3009 ab
471 2947 630 3009 amnestia
644 2956 720 3028 post
736 2947 979 3028 expeditionem
995 2947 1192 3009 Eleusiniam
1209 2949 1338 3010 decreta
1354 2950 1517 3011 neminem

223 3058 389 3119 exclusum
424 3077 510 3130 esse,
547 3057 748 3120 iurisiurandi
778 3059 865 3138 apud
896 3057 1103 3120 Andocidem
1140 3059 1250 3120 traditi
1284 3059 1400 3134 verba,
1435 3079 1518 3140 quae

222 3184 318 3246 supra
347 3168 378 3248 (ξ
409 3168 442 3249 6)
476 3168 584 3240 attuli,
621 3167 741 3230 diserte
775 3168 998 3230 demonstrant
1033 3169 1217 3250 complures
1252 3169 1400 3233 exclusos
1437 3191 1515 3233 esse.

221 3278 288 3340 lam
323 3278 399 3358 quia
433 3279 509 3340 satis
544 3277 682 3340 refutata
717 3288 807 3351 sunt,
851 3298 935 3357 quae
971 3277 1108 3341 Grosser
1149 3289 1182 3341 et
1220 3279 1271 3341 alii
1312 3281 1352 3342 de
1391 3259 1517 3342 duabus

222 3389 389 3450 amnestiis
405 3389 533 3461 docent,
552 3398 585 3450 et
600 3389 857 3451 demonstratum
872 3388 956 3450 hanc
972 3398 1090 3470 postex
1107 3389 1308 3468 peditionem
1320 3390 1517 3454 Eleusiniam

222 3499 385 3560 decretam
417 3518 513 3561 unam
544 3499 656 3573 fuisse,
688 3508 820 3578 oportet
851 3519 910 3561 nos
941 3499 1022 3562 haec
1054 3501 1233 3563 iuramenta
1258 3501 1298 3562 ad
1322 3503 1516 3564 amnestiam

221 3609 415 3689 pertinentia
438 3611 479 3671 ad
503 3608 587 3671 hanc
615 3629 712 3671 unam
744 3608 869 3671 referre.
917 3611 1100 3691 Apparebit
1123 3619 1249 3685 autem,
1283 3611 1408 3673 etiamsi
1433 3613 1517 3674 duae

221 3721 405 3782 amnestiae
428 3721 618 3782 statuendae
653 3730 774 3793 essent,
810 3729 918 3782 tamen
956 3721 997 3782 ad
1032 3721 1247 3802 posteriorem
1278 3741 1315 3783 ea
1350 3721 1517 3785 referenda

221 3849 300 3908 esse,
325 3830 385 3904 vel,
411 3831 493 3892 sicut
517 3851 566 3891 res
590 3851 674 3892 nunc
698 3851 768 3893 sese
792 3831 901 3905 habet,
926 3830 1004 3893 haec
1022 3832 1200 3893 iuramenta
1220 3851 1306 3892 novo
1323 3842 1515 3912 argumento

220 3962 258 4003 ea
281 3941 418 4014 firmant,
444 3960 528 4021 quae
551 3941 592 4002 de
615 3944 774 4005 amnestia
797 3962 860 4004 una
887 3943 1052 4004 docemus.
1100 3941 1289 4003 Andocides
1313 3943 1399 4003 enim
1423 3943 1514 4022 190,

221 4052 276 4113 ubi
300 4052 479 4114 iuramenta
502 4052 601 4126 affert,
626 4053 719 4115 dicit:
750 4052 854 4136 »Φέρε
876 4052 915 4136 δὴ
938 4053 1061 4130 τοίνυν,
1077 4049 1107 4116 οἱ
1130 4045 1220 4136 ὅρκοι
1245 4046 1319 4134 ὑμῖν
1331 4058 1403 4127 πῶς
1428 4049 1517 4136 ἔχου-

219 4177 288 4241 utut
312 4157 331 4225 ὁ
352 4161 411 4245 μὲν
433 4161 542 4238 κοινὸς
576 4165 618 4245 τῇ
651 4161 745 4226 πόλει
776 4157 897 4244 ἁπάσῃ,
928 4155 968 4227 ὃν
991 4160 1183 4246 ὀμωμόκατε
1206 4162 1328 4239 πάντες
1350 4162 1431 4247 μετὰ
1454 4160 1537 4239 τὰς’

220 4269 427 4355 διαλλαγάςι,
453 4273 570 4352 quibus
592 4273 699 4336 verbis
723 4273 867 4336 ostendit
891 4273 989 4336 etiam
1013 4283 1099 4347 tum,
1125 4294 1200 4336 cum
1223 4273 1306 4335 hanc
1330 4276 1516 4336 orationem

219 4381 349 4456 habuit,
381 4383 467 4444 cives
497 4401 537 4446 eo
566 4384 769 4446 iureiurando
799 4383 974 4446 obstrictos
1003 4384 1115 4457 fuisse,
1148 4386 1237 4465 quod
1267 4385 1384 4447 deinde
1413 4385 1513 4464 affert,

218 4493 354 4562 Constat
384 4502 493 4560 autern
524 4493 606 4561 hanc
640 4495 822 4562 orationem
856 4494 911 4561 diu
943 4504 1018 4578 post
1054 4495 1286 4577 rempublicam
1322 4496 1512 4574 restitutam,
