3402 5172
779 285 953 382 -..-.⁸²..-
979 375 986 381 .

233 493 385 562 luberent
408 497 439 552 et
463 491 577 552 ceteris
608 495 824 568 ostenderent,
859 516 924 560 non
955 505 1086 559 coactos
1115 515 1189 559 sese
1216 507 1331 579 pactos
1361 517 1445 576 esse,
1477 500 1535 560 sed

232 611 369 692 putum
395 599 464 664 urbi
487 601 668 666 conducere
691 615 870 678 censentes,
895 607 1041 670 Archino
1064 615 1197 669 auctore
1226 607 1299 687 lege
1329 607 1394 671 lata
1427 611 1536 671 decre·

232 721 359 782 vetunt,
384 711 408 774 si
432 711 504 794 quis
527 711 681 776 adversus
704 717 896 778 amnestiam
927 727 1142 790 accusaretur,
1176 726 1212 780 ut
1242 728 1397 781 accusato
1427 719 1537 782 liceret

232 821 437 908 exceptione,
469 827 677 908 παραγραφῇ,
712 827 774 898 uti,
801 827 819 892 i.
846 847 872 888 e.
904 828 1145 890 accusationem
1178 847 1219 889 eo
1246 827 1414 910 repellere,
1444 831 1535 910 qu'od

231 935 470 1002 uernmstraret
500 933 655 998 adversus
680 937 872 1000 amnestiam
897 959 969 1000 earn
999 939 1177 1000 institutam
1207 958 1299 1006 esse.
1333 950 1370 1001 ut
1403 941 1444 1001 de
1473 940 1534 1002 hac

230 1043 425 1128 exceptione
451 1043 538 1128 prius
561 1055 730 1124 ageretur,
755 1048 781 1108 is
805 1056 932 1118 autern,
960 1049 1014 1128 qui
1038 1047 1269 1128 exceptionem
1292 1047 1424 1122 faceret,
1457 1059 1535 1113 ante

232 1165 456 1224 ‹ucuuutoreut
480 1153 673 1234 loqueretur,
698 1157 752 1240 qni
776 1157 808 1220 in
832 1158 984 1220 omnibus
1008 1157 1074 1220 lere
1097 1159 1347 1238 exceptionibus
1367 1179 1439 1221 mos
1464 1169 1535 1222 erat

232 1267 285 1350 tel.
306 1263 404 1332 Melet
428 1272 460 1327 et
478 1261 684 1328 Schoemann
712 1277 787 1330 »att
806 1269 957 1330 Proeess«
984 1288 1016 1347 p.
1033 1267 1119 1348 647),
1144 1277 1180 1328 ut
1203 1267 1239 1340 is,
1264 1269 1320 1348 qui
1336 1269 1528 1342 vinceretur,

230 1375 412 1464 «puuctum
438 1377 455 1440 i.
481 1397 504 1440 e.
530 1387 656 1440 sextam
673 1377 742 1440 eius
765 1377 933 1460 pecuniae,
958 1379 1000 1439 de
1023 1399 1088 1460 qua
1102 1378 1275 1457 agebatur,
1299 1389 1427 1462 partem
1452 1401 1530 1461 pen-

231 1489 330 1556 tlcrct.
381 1487 451 1552 llac
476 1487 547 1570 lege
572 1488 659 1551 nisus
684 1488 727 1557 is,
761 1487 816 1570 qui
840 1488 900 1551 bac
923 1490 1073 1551 Isocratis
1104 1489 1251 1550 oratione
1283 1510 1318 1550 se
1342 1473 1490 1552 defendit
1511 1512 1532 1552 a

231 1595 418 1666 l'ulllutuchi
448 1598 671 1668 accusatione,
704 1617 768 1660 non
799 1619 930 1661 causam
960 1599 1053 1670 dicit,
1086 1599 1145 1660 sed
1175 1619 1294 1661 novam
1329 1602 1532 1682 exceptionis

230 1729 360 1778 curruum
387 1709 529 1774 instituit.
579 1709 629 1770 Ex
653 1729 718 1792 qua
741 1729 775 1770 re
797 1710 876 1770 satis
900 1708 1006 1770 elucet
1033 1718 1109 1790 post
1133 1709 1268 1770 Archini
1299 1709 1407 1789 legem
1431 1709 1530 1772 latam

231 1843 290 1888 rue
315 1839 378 1886 uun
403 1827 477 1902 post
501 1820 693 1882 amnestiam
709 1819 950 1902 promulgatam
974 1820 1058 1882 hanc
1073 1820 1257 1882 orationem
1273 1818 1421 1880 habitam
1445 1841 1526 1882 esse.

229 1931 355 2008 ibunici
379 1929 579 2016 quaerimus,
605 1929 739 2010 quando
762 1929 813 1992 illa
836 1929 889 1992 lex
911 1929 977 1991 lata
999 1931 1050 2002 sit,
1075 1951 1141 1992 non
1158 1938 1214 1992 est
1230 1928 1311 1990 alius
1335 1929 1437 2002 locus,
1464 1949 1530 2010 quo

228 2059 296 2110 erin
313 2039 434 2108 mentio
451 2039 517 2112 fiat,
542 2059 583 2104 ex
599 2038 661 2102 hac
682 2049 791 2102 autem
814 2043 961 2104 oratione
982 2040 1061 2102 certi
1083 2039 1262 2122 quidquam
1284 2041 1353 2102 erui
1369 2060 1435 2102 non
1459 2051 1530 2123 pot-

226 2163 282 2222 est.
324 2151 395 2218 lloc
429 2169 529 2214 unum
554 2157 661 2212 narrat
685 2161 812 2215 orator:
837 2161 913 2230 post
928 2151 1068 2238 reditum
1090 2149 1238 2212 exsulum
1254 2151 1428 2212 nonnullos
1442 2152 1532 2213 cives

227 2261 419 2330 uritur-utun
433 2257 561 2322 laedere
573 2269 710 2324 conatos
725 2281 797 2324 esse
812 2281 952 2343 eamque
967 2261 1096 2322 obrem
1108 2259 1191 2322 hanc
1207 2260 1314 2340 legem
1331 2261 1431 2322 latam
1447 2281 1529 2334 esse,

228 2373 285 2440 uu
302 2381 425 2460 qtuuuo
442 2377 515 2450 post
533 2369 596 2434 lata
612 2369 663 2438 sit.
688 2390 753 2432 non
770 2369 855 2444 dicit,
880 2389 1079 2452 quamquam
1096 2391 1172 2432 curn
1188 2370 1311 2432 Blaesio
1330 2371 1357 2432 Π
1379 2372 1441 2448 196
1457 2391 1530 2432 een-

226 2483 361 2552 seruluru
388 2491 437 2546 est
462 2499 526 2544 non
550 2479 735 2562 complures
758 2500 861 2542 annos
883 2481 1068 2543 interiectos
1082 2499 1162 2542 esse.
1201 2480 1317 2560 Neque
1332 2482 1439 2560 magis
1454 2501 1530 2543 con-

226 2601 297 2666 utul.
324 2600 482 2676 <trinutum
506 2589 663 2674 temporis
684 2590 826 2674 spatium
850 2589 933 2652 inter
948 2589 1033 2652 hanc
1047 2589 1155 2670 legem
1169 2590 1271 2652 latam
1294 2601 1328 2653 et
1345 2587 1531 2653 orationem

229 2705 371 2772 lubitum
395 2701 621 2766 intercesserit.
658 2700 754 2764 lnitio
776 2700 931 2762 orationis
953 2709 1063 2760 orator
1085 2709 1194 2760 narrat
1215 2710 1291 2762 ante
1311 2721 1346 2762 se
1364 2702 1531 2763 neminem

229 2815 324 2884 tulum
349 2811 551 2898 exceptionis
567 2829 700 2876 causam
716 2809 903 2880 instituisse,
928 2829 993 2890 qua
1015 2809 1084 2891 ipsa
1107 2810 1149 2872 de
1170 2830 1269 2871 cansa
1291 2810 1377 2872 banc
1392 2811 1530 2874 Archini

229 2927 331 3009 queru
357 2924 501 3008 exponit.
551 2919 648 2988 Unde
682 2919 815 3002 colligas
846 2919 944 3001 paulo
972 2929 1048 2998 post
1075 2919 1162 2980 illam
1185 2920 1294 2999 legem
1317 2920 1419 2982 latam
1442 2921 1530 2984 hanc

228 3054 357 3106 tuttuuu
375 3043 482 3101 aernn
500 3053 580 3098 esse.
618 3029 782 3100 Attamen,
800 3039 1029 3112 praeterquam
1044 3031 1132 3112 quod
1148 3029 1233 3092 hanc
1248 3030 1366 3111 legem,
1384 3032 1411 3092 si
1428 3033 1531 3113 paulo

227 3157 320 3215 uulua
346 3145 407 3210 luta
433 3153 526 3214 usust.
554 3139 652 3206 etiam
677 3139 834 3204 iudicibus
857 3149 967 3202 notam
986 3161 1058 3202 esse
1080 3141 1226 3222 oportuit
1242 3162 1347 3223 neque
1363 3150 1530 3205 oratorem

229 3269 293 3325 tutu
315 3255 434 3320 ‹liserte
452 3271 524 3316 eant
542 3247 703 3334 explicare
722 3268 853 3314 trecesse
870 3248 938 3320 fuit,
963 3250 1027 3312 iam
1042 3251 1124 3312 haec
1140 3251 1280 3314 narratio
1297 3252 1369 3334 ipsa
1384 3253 1531 3316 ostendit

229 3390 276 3435 uu
305 3363 497 3432 vetustiores
532 3359 657 3428 narrari.
707 3357 833 3442 Quodsi
865 3359 989 3422 mireris
1019 3361 1148 3422 duobus
1177 3360 1230 3424 uel
1259 3361 1406 3442 pluribus
1433 3366 1530 3426 anans

229 3477 388 3542 neruiuem
406 3473 466 3538 bac
491 3471 563 3550 lege
584 3468 687 3532 nisum
706 3469 947 3534 accusationem
963 3471 1121 3534 adversus
1135 3473 1328 3532 amnestiam
1345 3474 1528 3536 institutam

229 3587 410 3674 rqrpulisse.
436 3601 509 3646 curn
535 3579 697 3642 nerninem
721 3588 908 3643 accusatum
932 3600 1001 3644 esse
1025 3580 1080 3640 uix
1102 3580 1273 3642 verisimile
1295 3583 1347 3658 sit,
1372 3583 1530 3646 omnibus

229 3695 408 3764 lutluunutli
433 3691 537 3758 causis
563 3688 762 3774 perlustratis
785 3689 969 3754 videbimus
991 3692 1125 3754 omnino
1150 3691 1328 3763 neminem,
1354 3693 1443 3772 quod
1466 3696 1527 3755 sci-

229 3829 326 3878 ntuuu,
353 3805 415 3870 huc
440 3803 506 3868 iure
531 3817 623 3862 usiuu
648 3819 728 3860 esse.
771 3799 882 3878 Atque
899 3801 997 3862 etiam
1013 3799 1065 3862 alii
1090 3800 1245 3862 orationis
1267 3801 1339 3872 luci,
1366 3803 1530 3881 imprimis

229 3923 278 3998 qq
334 3935 364 3982 rt
387 3913 524 3996 etqui,
555 3909 634 3972 satis
651 3909 826 3974 ostendunt
843 3909 972 3992 longius
986 3911 1143 3992 temporis
1155 3913 1297 3991 spatium
1313 3923 1389 3994 post
1403 3935 1530 3976 annum

239 4047 288 4104 tut
313 4023 567 4112 praeterlapsum
593 4039 671 4084 esse.
711 4017 776 4082 Sed
801 4037 944 4098 quonam
967 4040 1053 4082 anno
1068 4021 1179 4084 habita
1200 4023 1252 4094 sit,
1278 4044 1340 4104 pro
1364 4032 1455 4084 certo
1470 4025 1529 4086 de-

230 4137 395 4210 utuuutrari
419 4153 484 4196 non
509 4140 627 4212 potest.
670 4129 752 4194 Fieri
777 4138 895 4212 potest,
922 4139 957 4192 ut
980 4141 1066 4196 recte
1090 4131 1205 4194 Starke
1230 4143 1263 4194 et
1285 4132 1377 4194 Blass
1400 4153 1525 4196 annum

231 4267 291 4336 qqq
313 4245 489 4314 statuerint,
514 4241 572 4304 sed
595 4261 718 4312 vercor,
744 4262 783 4306 ne
811 4240 950 4322 probare
975 4261 1039 4305 non
1061 4241 1189 4324 possint
1210 4241 1290 4303 fislso
1314 4242 1530 4306 Renselerum

233 4377 346 4434 usuum
372 4371 434 4440 397
459 4350 646 4430 sumpsisse.

333 4467 478 4538 Pluribus
511 4471 620 4528 autem
653 4461 761 4528 verbis
790 4481 874 4526 nuuc
917 4461 1010 4526 uobis
1041 4461 1330 4526 demonstrandum
1360 4471 1412 4524 est
1439 4462 1529 4529 banc
