3402 5172
821 317 856 381 71

734 393 946 402 ——m

190 526 240 579 est
266 515 385 600 »δήμου
406 516 615 592 καταλύσεως
632 512 822 600 enotata«,
849 537 947 597 quam
964 517 1072 599 potius
1089 518 1120 580 in
1138 516 1385 598 magistratuum
1412 535 1484 599 pro-

190 618 331 705 batione,
356 651 440 712 quae
463 628 630 712 δοκιμασία
654 630 741 711 apud
766 629 983 718 Athenienses
1008 629 1193 703 vocabatur,
1220 629 1251 690 in
1276 625 1485 692 heliastarum

191 738 309 801 iudicio
344 741 526 803 orationem
555 739 770 803 defensoriam
801 739 947 803 habitam
964 760 1051 832 'esse
1073 739 1173 802 Meier
1197 740 1302 822 (›Att.
1332 739 1483 802 Processr

191 869 222 929 p.
242 853 319 934 208)
343 851 481 914 coniecit
505 863 537 912 et
558 849 740 934 complures
758 850 914 912 orationis
937 850 999 913 loci
1016 849 1147 930 planum
1166 849 1286 913 faciunt
1301 858 1400 931 atque
1416 868 1487 930 pro-

167 945 278 1034 'bant
303 963 359 1042 qui
381 962 465 1025 allati
490 949 701 1024 inveniuntur
719 960 807 1044 apud
831 960 991 1022 Blassium
1014 961 1031 1024 l.
1057 960 1077 1028 l.
1100 961 1113 1022 Ι
1138 982 1167 1043 p.
1190 962 1261 1038 508,
1285 958 1487 1040 Frohberge-

190 1091 260 1132 rum
283 1073 357 1152 Lys.
383 1093 427 1134 or.
451 1072 505 1135 sel.
531 1072 581 1138 ed.
607 1071 680 1132 mai.
706 1071 774 1153 lp.
806 1083 876 1151 175,
903 1073 953 1138 ed.
977 1073 1049 1135 min.
1075 1094 1104 1154 p.
1136 1074 1205 1149 138,
1230 1071 1319 1133 alios.
1477 1149 1482 1158 .

296 1181 488 1262 Priusquam
512 1202 589 1245 vero
611 1181 653 1243 ad
676 1180 835 1243 orationis
857 1189 1086 1261 argumentum
1113 1190 1324 1255 transeamus,
1356 1180 1487 1262 quando

190 1291 302 1354 habita
322 1293 372 1365 sit,
398 1295 618 1374 quaerendum
642 1293 737 1354 nobis
762 1300 820 1364 est,
849 1293 889 1353 de
914 1311 981 1372 qua
1004 1293 1196 1374 quaestione
1217 1291 1311 1354 valde
1343 1291 1425 1353 inter
1452 1309 1488 1351 se

192 1397 341 1460 differunt
362 1399 419 1460 viri
443 1399 529 1461 docti
554 1394 759 1465 recentiores.
809 1401 892 1464 Cum
915 1402 978 1464 hoc
1000 1402 1132 1484 quidem
1157 1403 1239 1464 inter
1253 1400 1409 1483 plurimos
1433 1399 1487 1461 diu

191 1509 370 1570 constiterit
393 1518 425 1570 et
448 1510 632 1573 etiamnunc
656 1521 787 1575 constet
810 1522 886 1595 post
901 1513 1053 1576 Eleusina
1070 1520 1294 1594 recuperatam
1318 1508 1401 1572 hanc
1417 1529 1487 1574 cau·

191 1639 262 1680 sam
292 1632 397 1682 actam
429 1641 507 1695 esse,
534 1620 672 1686 Grosser
695 1623 712 1685 l.
739 1623 757 1684 l.
782 1644 811 1704 p.
840 1642 878 1704 23
904 1644 951 1704 sq.
977 1633 1010 1686 et
1039 1623 1182 1704 pluribus
1214 1621 1321 1684 verbis
1352 1621 1383 1683 in
1413 1639 1486 1682 ann.

191 1727 244 1812 ph.
267 1739 299 1791 et
321 1748 352 1809 p.
378 1730 428 1802 lC,
451 1734 620 1813 198-207
644 1742 677 1795 et
694 1746 758 1812 455
786 1755 833 1814 sq.
853 1736 1075 1797 demonstrare
1098 1742 1233 1795 conatus
1256 1741 1305 1793 est
1328 1749 1400 1794 eam
1424 1731 1488 1792 iam

192 1849 288 1902 antea
312 1849 419 1902 actam
444 1862 524 1908 esse.
571 1842 681 1924 Quam
705 1845 899 1906 sententiam
925 1844 1051 1926 accepit
1073 1844 1114 1917 ia,
1148 1843 1203 1922 qui
1232 1841 1322 1923 plitt.
1348 1838 1487 1902 Zentral-

174 1949 309 2032 ,blatta
340 1953 438 2032 1869,
464 1953 517 2018 Nr.
543 1969 597 2034 47,
622 1975 653 2037 p.
684 1955 756 2037 136)
780 1955 895 2016 Blassii
918 1953 936 2016 l.
962 1953 980 2015 l.
1006 1964 1133 2016 tomum
1156 1951 1486 2038 primumlrecensuit,

192 2061 246 2141 qui
269 2061 381 2123 litteris
404 2056 439 2124 tt
460 2082 579 2125 nomen
601 2083 697 2124 suum
713 2065 838 2137 celavit,
865 2074 898 2127 et
916 2065 1080 2146 accepisse
1096 2064 1222 2126 videtur
1237 2061 1485 2134 Rauchenstein,

191 2170 267 2250 Lys.
285 2192 331 2232 or.
357 2172 410 2234 sel.
437 2171 513 2238 edit.
537 2179 629 2254 sept,
653 2194 684 2255 p.
716 2190 785 2251 104,
813 2194 912 2254 quam
935 2173 999 2236 hoc
1020 2195 1106 2236 anno
1134 2173 1337 2255 impugnavit
1361 2171 1488 2234 Stutzer

192 2281 223 2341 in
243 2279 401 2346 »Hermes
417 2283 480 2346 XV
492 2305 523 2364 p.
538 2297 679 2363 35-40,
706 2303 804 2365 quem
826 2293 958 2347 secutus
972 2284 1060 2346 Fuhr
1075 2285 1163 2368 apud
1179 2284 1486 2347 Rauchensteinium

192 2390 209 2450 l.
234 2389 253 2457 l.
277 2394 487 2456 vetustiorem
511 2395 704 2456 sententiam
727 2396 873 2457 restituit.
1059 2379 1061 2386 ’

297 2502 380 2565 Sunt
405 2503 585 2586 complures
611 2506 765 2567 orationis
789 2506 861 2580 loci,
901 2525 984 2586 quos
1008 2505 1089 2568 inter
1124 2525 1238 2566 omnes
1260 2506 1352 2566 viros
1371 2503 1488 2566 doctos

193 2621 319 2675 constat
341 2615 512 2676 ostendere
535 2617 736 2689 amnestiam,
761 2625 938 2696 antequam
967 2616 1049 2679 haec
1084 2617 1188 2678 oratio
1219 2615 1400 2688 haberetur,
1434 2614 1488 2674 de-

191 2731 313 2786 cretam
338 2723 415 2788 esse'
433 2735 465 2787 et
480 2727 522 2789 ab
538 2737 666 2789 oratore
689 2728 872 2798 monstrari,
898 2728 951 2809 qui
976 2728 1036 2790 loci
1061 2736 1135 2789 sunt
1150 2726 1242 2792 hice:
1267 2727 1363 2804 ξομ
1392 2719 1486 2788 »οἵτι-

189 2856 242 2908 νες
258 2829 404 2916 ὁμονοεῖν
420 2830 502 2918 ’ὑμᾶς
518 2835 710 2919 βουλόμενοι
725 2849 793 2912 τοῖς
807 2831 916 2921 ὅρκοις
932 2839 986 2901 καὶ
1003 2848 1075 2912 ταῖς
1087 2837 1269 2919 συνθήκαις
1283 2833 1483 2918 ἐμμένουσιι,

190 2944 207 3026 §
231 2947 287 3006 28:
317 2945 580 3010 »διεκελεύσαντο
602 2959 671 3021 τοις
695 2941 804 3032 ὅρκοις
819 2950 874 3011 καὶ
896 2961 968 3024 ταῖς
993 2946 1174 3031 συνθήκαις
1191 2944 1368 3030 ἐμμένεινι,
1386 2947 1406 3026 ξ
1425 2963 1484 3024 34:

193 3053 294 3136 ’πρὸς
317 3053 446 3130 πάντας
469 3051 551 3139 ὑμᾶς
574 3055 653 3131 τούς
676 3060 813 3133 πολίτας
835 3071 906 3133 ταῖς
931 3059 1113 3143 συνθήκαις
1135 3059 1190 3122 καὶ
1212 3071 1281 3132 τοῖς
1304 3051 1414 3141 ὅρκοις
1437 3054 1485 3139 ἒμ-

188 3163 326 3246 μένεινι.
375 3167 503 3246 Quibus
528 3187 546 3228 e
569 3167 648 3230 loeis
672 3171 749 3252 quia
772 3169 900 3232 eluceat
923 3171 1116 3232 amnestiam
1140 3169 1184 3230 ab
1205 3168 1484 3248 oratorevrespici,

190 3274 336 3350 Grosser,
360 3279 387 3339 si
412 3288 498 3341 recte
523 3279 792 3344 demonstraverit
822 3281 1003 3344 orationem
1025 3279 1171 3342 habitam
1200 3299 1280 3352 esse,
1310 3288 1485 3359 antequam

190 3369 322 3450 Eleusis
346 3398 530 3470 caperetur,
562 3409 648 3453 novo
682 3401 875 3470 argumento
899 3412 946 3465 ea,
982 3411 1066 3471 quae
1094 3391 1135 3452 de
1163 3389 1327 3452 amnestiis
1359 3389 1485 3451 duabus

182 3499 317 3588 doceat,
343 3499 519 3562 firmavisse
549 3499 609 3563 sibi
640 3501 775 3576 videtur,
807 3511 904 3581 atque
935 3511 1022 3564 recte
1050 3502 1224 3572 videretur,
1257 3498 1282 3560 si
1312 3507 1486 3577 utrumque

191 3619 277 3671 recte
305 3610 478 3674 statuisset.
526 3609 593 3674 Sed
623 3621 851 3692 praeterquam
886 3615 975 3696 quod
1005 3611 1069 3675 hoc
1103 3605 1333 3690 argumentum
1356 3607 1487 3671 Stutzer

192 3719 405 3800 impugnavit,
431 3721 529 3783 etiam
556 3721 596 3782 de
621 3721 673 3783 illo
698 3721 849 3783 omnibus
872 3720 948 3781 viris
973 3721 1076 3783 doctis
1101 3721 1208 3784 adhuc
1231 3705 1373 3802 probato
1396 3719 1485 3781 dubi·

190 3832 249 3892 tari
273 3831 355 3896 licet.
402 3832 526 3893 Eorum
549 3833 710 3894 sententia
733 3831 835 3892 tribus
858 3829 937 3892 locis
961 3829 1099 3893 laudatis
1130 3831 1290 3893 amnestia
1315 3830 1483 3904 indicatur,

191 3941 267 4020 quia
289 3951 398 4004 orator
421 3943 554 4004 adhibet
577 3943 678 4005 verba
704 3939 752 4006 »οἱ
776 3936 866 4024 ὅρκοι
889 3942 943 4004 καὶ
967 3939 1000 4005 αἱ
1025 3945 1220 4025 συνθῆκαιι.
1272 3938 1337 4002 Sed
1360 3939 1484 4002 collatis

191 4051 246 4126 eis,
270 4073 354 4132 quae
377 4073 472 4138 supra
497 4053 528 4138 (ᾗ
543 4054 575 4135 9)
600 4053 746 4135 exposui,
772 4061 907 4136 propter
929 4051 987 4114 has
1010 4051 1095 4114 solas
1109 4071 1208 4114 voces
1232 4050 1398 4112 diiudicari
1420 4068 1486 4112 non

192 4170 308 4244 potest,
333 4171 440 4226 utrum
465 4164 656 4226 amnestiam
679 4172 807 4246 spectet
830 4170 943 4225 orator
966 4183 1008 4225 an
1032 4181 1149 4245 pacem
1169 4161 1329 4223 Pausania
1351 4169 1487 4222 auctore

191 4273 438 4344 reconciliatam,
471 4294 545 4336 nam
577 4271 660 4336 hanc
689 4293 830 4356 quoque,
862 4282 899 4336 ut
927 4291 1025 4352 supra
1049 4276 1082 4355 (ξ
1109 4273 1159 4355 12)
1183 4270 1484 4344 demonstravimus,

192 4383 411 4464 compositam
448 4392 481 4444 et
524 4385 730 4447 iureiurando
767 4391 915 4445 sanctam
954 4401 1024 4444 esse
1063 4391 1213 4463 oportet,
1255 4381 1368 4460 itaque
1406 4381 1487 4442 haec

195 4511 327 4572 quoque
354 4488 401 4554 »oi
418 4484 507 4575 ὅρκοι
531 4494 585 4557 καὶ
608 4491 641 4557 αἱ
659 4496 841 4579 συνθῆκαι(
866 4494 976 4556 vocari
992 4493 1099 4574 potuit
1111 4492 1285 4573 praecipue
1308 4500 1389 4570 turn,
1412 4509 1487 4552 cum
