3402 5172
831 341 872 415 65

212 556 288 640 quia
310 553 545 618 Eratosthenes
567 539 780 617 Theramenis
804 554 929 616 amicus
952 552 1056 616 fuerat
1084 561 1117 614 et
1149 533 1265 614 deinde
1295 551 1510 632 trigintaviro·

212 686 282 728 rum
306 675 434 747 partem
458 665 630 748 reliquerat
653 674 686 727 et
710 666 741 727 in
766 665 962 728 urbanorum
987 683 1122 726 numero
1146 661 1336 737 habebatur,
1369 672 1403 726 et
1436 663 1513 742 quia

213 777 426 840 metuendum
450 784 527 848 erat,
555 796 595 838 ne
619 796 685 858 pax
708 777 808 839 modo
833 775 980 838 restituta
1003 776 1067 838 iam
1100 774 1162 837 hac
1192 791 1290 836 causa
1320 775 1511 866 turbaretur.

211 887 323 950 Verba
345 896 456 950 autem
483 883 697 970 »συγγνώμην
720 887 774 950 καὶ
807 883 917 951 'e'leovr
950 906 1015 950 non
1034 885 1188 949 ¹indicare
1216 885 1409 946 amnestiam
1439 903 1514 946 cum

211 1017 270 1078 per
291 1018 327 1060 se
357 1006 507 1081 apertum
539 1005 587 1060 est
620 1004 690 1058 tum
720 1005 911 1076 comparato
940 994 1213 1069 locosimillimo,
1245 994 1322 1076 Lys.
1352 994 1430 1057 XlV
1458 1011 1512 1072 40.

212 1108 301 1188 Quid
324 1109 356 1170 in
381 1111 401 1189 ξ
425 1111 466 1188 87
491 1107 684 1172 amnestiam
710 1107 851 1170 indicare
874 1107 993 1188 possit,
1018 1125 1084 1168 non
1111 1104 1273 1186 intelleg0,
1305 1104 1512 1189 manifestum

212 1221 298 1281 enim
322 1219 400 1282 mihi
425 1239 496 1282 esse
521 1219 649 1286 videtur
671 1215 772 1280 verba
798 1213 938 1292 »ἀδεῶςι
965 1225 999 1278 et
1025 1213 1280 1300 »ἐπιλήσμοναςα
1307 1217 1349 1278 ad
1373 1229 1445 1278 eam
1467 1233 1513 1280 re·

210 1328 283 1392 ferri
308 1343 373 1392 non
398 1350 503 1414 posse.
551 1329 771 1413 Opponuutur
793 1329 903 1408 potius
925 1327 1010 1390 inter
1039 1348 1075 1390 se
1098 1347 1146 1400 ea,
1171 1334 1255 1406 quae
1278 1323 1511 1391 Eratosthenes

208 1449 241 1503 et
256 1441 323 1502 eius
344 1440 423 1503 socii
446 1460 530 1503 nunc
553 1440 595 1502 ab
610 1439 865 1502 Atheniensibus
889 1445 1090 1520 exspectant,
1109 1446 1142 1499 et
1157 1457 1206 1509 ea,
1231 1455 1315 1521 quae
1331 1437 1507 1518 anteaipsi

212 1552 257 1613 eis
288 1549 440 1616 fecerunt.
489 1549 655 1616 Sententia
688 1549 786 1630 igitur
815 1548 896 1611 haec
926 1556 975 1610 est
985 1565 994 1612 :·
1023 1556 1124 1610 testes
1153 1548 1289 1610 credunt
1318 1547 1415 1610 valde
1446 1567 1507 1611 vos

210 1660 418 1724 immemores
442 1680 565 1733 eorum,
590 1680 674 1740 quae
698 1641 892 1740 trigintaviri
915 1657 1078 1731 fec-erunt,
1094 1666 1128 1721 et
1147 1659 1264 1721 inertes
1287 1675 1378 1730 esse,
1392 1656 1419 1718 si
1443 1675 1509 1720 non

211 1779 393 1834 metuentes
415 1779 548 1854 sperant
571 1769 648 1844 fore,
675 1779 712 1833 ut
734 1768 936 1850 trigintaviri,
962 1769 1016 1850 qui
1042 1757 1184 1831 manime
1207 1768 1291 1832 mala
1313 1767 1407 1830 vobis
1423 1785 1512 1850 para·

209 1881 326 1953 verint,
373 1900 393 1942 a
428 1880 524 1942 vobis
558 1881 776 1953 absolvantur,
811 1878 850 1941 cs.
888 1879 963 1960 Lys.
1000 1879 1140 1942 XXXIV
1176 1896 1203 1942 2.
1238 1878 1372 1960 -Neque
1409 1877 1514 1960 magis

210 1989 308 2052 ullum
343 1989 521 2052 amnestiae
555 1990 707 2054 indicium
743 1991 827 2052 inest
861 1989 1068 2072 paragrapho
1102 1989 1261 2072 sequenti,
1300 2007 1365 2068 qua
1398 1997 1510 2052 orator

210 2099 331 2161 iudices
364 2098 554 2162 adhortatur
582 2101 726 2182 quidem,
759 2120 800 2163 ne
830 2110 1018 2163 accusatum
1050 2100 1101 2163 vel
1133 2107 1314 2172 accusatos,
1347 2108 1382 2164 ut
1400 2099 1512 2162 dicere

210 2209 342 2282 mavult,
356 2208 536 2283 absolvant,
552 2211 610 2272 sed
624 2232 663 2273 ne
676 2221 811 2292 propter
822 2211 1015 2274 amnestiam
1028 2209 1209 2284 absolvant,
1223 2209 1306 2274 hanc
1315 2203 1513 2272 sententiam

210 2321 314 2382 inesse
346 2319 401 2381 vix
432 2320 624 2385 crediderim
646 2327 781 2402 'praeter
797 2317 992 2386 Grosserum
1013 2327 1214 2404 quemquam
1238 2338 1394 2399 umquam
1423 2319 1512 2382 intel-

209 2430 326 2492 lexisse
340 2429 390 2492 vel
405 2431 537 2492 omnino
552 2430 739 2511 intellegere
751 2437 857 2514 posse.
883 2432 982 2511 Quod
995 2416 1112 2494 deinde
1122 2431 1163 2493 ad
1174 2433 1195 2511 ξ
1207 2446 1248 2509 92
1264 2441 1354 2504 »tole
1363 2429 1513 2513 νικήσασι

209 2537 280 2604 ἴσον
292 2535 398 2622 igere«
418 2533 570 2610 annotat:
599 2542 672 2604 »die
687 2541 858 2605 Amnestie
873 2541 1043 2604 involvirte
1060 2543 1112 2604 die
1127 2539 1511 2622 Gleichheitsvertrageq

209 2661 324 2714 notum
355 2660 404 2714 est
427 2673 493 2715 non
516 2653 677 2724 amnestia
700 2652 788 2715 cives
809 2671 925 2714 omnes
949 2651 1064 2714 eadem
1088 2652 1157 2713 iura
1179 2651 1342 2724 habuisse,
1366 2650 1424 2713 sed
1449 2650 1513 2716 iam

207 2784 290 2844 pace
314 2763 392 2845 ipsa.
434 2764 583 2842 Denique
606 2783 654 2835 ea,
680 2783 766 2843 quae
788 2765 809 2844 ξ
832 2781 876 2842 94
899 2762 1133 2834 describuntur,
1160 2761 1264 2823 reditu
1281 2771 1320 2824 et
1339 2761 1412 2824 sola
1431 2780 1513 2841 pace
1611 2801 1635 2839 χ

207 2873 336 2936 exsules
377 2883 545 2936 assecutos
586 2893 656 2934 esse
691 2893 787 2935 nemo
822 2873 898 2946 erit,
934 2873 990 2955 qui
1006 2887 1007 2893 ’
1025 2869 1154 2954 neget.=
1192 2872 1358 2952 Cognovit
1391 2871 1510 2934 deinde

208 2980 350 3046 Grosser
384 2993 546 3046 oratorem
579 2983 801 3063 compluribus
829 2982 919 3057 locis,
952 3005 971 3044 e
1001 2984 1120 3064 quibus
1151 2983 1310 3066 imprimis
1341 2981 1506 3044 afferenda

212 3101 262 3154 est
292 3091 516 3175 paragraphus
548 3099 599 3166 28,
633 3113 768 3177 operam
800 3093 888 3170 dare,
921 3103 957 3156 ut
985 3101 1100 3175 parcat
1131 3092 1264 3166 civibus,
1288 3093 1345 3176 qui
1368 3093 1511 3174 triginta·

183 3202 348 3270 ,virorum
372 3202 551 3265 facinorum
575 3203 654 3265 socii
678 3200 754 3264 lacti
777 3204 850 3275 sint,
875 3213 909 3266 et
931 3203 1027 3266 huius
1042 3222 1178 3284 quoque
1194 3203 1393 3283 r'eicausam
1409 3201 1513 3266 habet

207 3313 399 3374 amnestiam
422 3313 542 3378 datam.
590 3312 656 3375 Sed
679 3333 719 3375 ne
741 3312 805 3376 hoc
829 3314 963 3395 quidem
987 3313 1051 3376 ullo
1068 3323 1264 3393 argumento
1280 3311 1506 3394 probari'pot·

206 3430 264 3493 est,
289 3421 407 3484 eodem
431 3423 498 3485 iure
522 3415 619 3485 obiici
637 3433 745 3506 potest
768 3433 933 3486 oratorem
957 3425 1039 3486 inter
1060 3423 1147 3486 cives
1164 3422 1264 3485 modo
1281 3422 1506 3486 reconciliatos

207 3551 310 3593 novas
332 3532 511 3594 discordias
536 3534 678 3595 excitare
703 3533 854 3598 noluisse.
890 3533 1002 3613 Atque
1018 3533 1116 3595 etiam
1139 3533 1201 3596 alia
1225 3533 1347 3595 ratione
1371 3533 1400 3595 ei
1423 3519 1512 3612 ce‘ite

207 3661 271 3702 non
294 3641 455 3722 neglenda
472 3642 590 3705 ductus
606 3644 657 3709 sit.
705 3644 914 3724 Quamquam
937 3643 1111 3727 plerosque
1127 3633 1248 3704 iudices
1266 3641 1393 3705 exsules
1410 3642 1509 3706 fuisse

208 3771 250 3812 ex
274 3751 422 3814 oratione
438 3751 543 3814 elucet
558 3762 590 3818 et
606 3762 861 3816 consentaneum
887 3763 945 3825 est,
971 3762 1082 3816 tamen
1106 3773 1166 3834 pro
1183 3762 1272 3815 certo
1293 3750 1414 3815 habere
1438 3772 1513 3831 pos-

207 3880 317 3923 sumus
342 3871 374 3924 et
397 3861 414 3945 ξ
436 3877 479 3942 92
505 3864 650 3924 ostendit
666 3883 730 3925 non
754 3883 879 3943 paucos
898 3863 1097 3925 urbanorum
1121 3862 1219 3926 luisse
1235 3863 1345 3942 partis,
1370 3882 1512 3944 quorum

207 3970 365 4034 rationem
390 3971 559 4036 habuisset
584 3973 681 4035 etiam
704 3983 814 4036 orator
837 3973 936 4054 Lysia
961 3974 1068 4035 minus
1085 3972 1230 4038 callidus.

311 4081 439 4162 Quibus
462 4083 694 4146 demonstratis
719 4103 792 4145 cum
812 4091 940 4146 constet
962 4091 1036 4146 tota
1058 4083 1204 4146 oratione
1228 4081 1511 4148 nullum'·³inveniri

204 4189 321 4264 locum,
348 4191 402 4271 qui
432 4207 492 4272 pro
516 4188 665 4255 Grosseri
702 4195 863 4256 sententia
894 4193 999 4266 saciat,
1032 4193 1216 4276 complures
1247 4202 1332 4267 sunt,
1358 4183 1413 4278 qui
1434 4215 1510 4257 eam

205 4307 318 4381 aperte
349 4299 514 4375 refellant,
550 4304 604 4385 qui
634 4301 722 4366 haud
752 4304 850 4368 dubie
884 4304 1060 4367 ostendant
1092 4305 1285 4367 amnestiam
1315 4301 1393 4366 antd
1426 4289 1511 4366 lianc

204 4410 385 4472 orationem
407 4409 552 4472 habitam
584 4413 749 4476 decretam
777 4434 850 4476 esse
882 4433 948 4476 non
971 4422 1078 4493 posse.
1123 4414 1159 4474 ln
1183 4416 1203 4494 ξ
1228 4426 1266 4492 35
1291 4413 1410 4480 verba:
1439 4403 1505 4476 »dv

202 4515 232 4582 ol
253 4518 313 4602 μὲν
335 4514 482 4603 ὑμέτεροι
506 4517 600 4597 ὄντες
622 4527 753 4588 πολῖται
775 4520 942 4607 μαθόντες
964 4515 1177 4601 &binomia
1193 4515 1322 4608 ἢδίκην
1338 4521 1513 4598 ὀώσουσινμ

204 4709 209 4718 ⁸
307 4645 428 4710 Llibbert,
450 4645 482 4698 de
501 4649 631 4699 amnestia.
1104 4617 1109 4629 α
1308 4657 1322 4711 5
