3436 5164
844 306 885 372 62

213 527 329 611 quibus
346 526 486 590 maxime
504 534 638 608 apparet
654 524 739 586 cives
757 523 905 605 religiose
930 543 1046 605 pacem
1064 532 1096 585 et
1112 525 1304 586 amnestiam
1321 527 1509 600 servavisse,

212 646 245 699 et
268 657 332 710 eaS,
358 635 476 717 quibus
500 654 572 697 earn
595 611 848 698 laesisse'videri
871 643 1017 713 possunt,
1042 634 1182 697 breviter
1207 635 1347 698 afferam.

319 748 396 828 Quo
424 747 617 811 concordiae
648 745 755 807 studio
789 743 963 826 populares
995 745 1112 808 reversi
1137 745 1223 818 ducti
1248 746 1319 818 sint,
1355 747 1512 826 imprimis

213 880 256 921 ex
280 879 319 922 eo
343 867 489 941 apparet,
516 857 604 941 quod
629 847 760 918 centum
784 853 913 927 talenta,
939 875 1023 934 quae
1048 855 1220 916 decemviri
1252 857 1364 918 urbani
1388 857 1429 918 ad
1453 879 1510 920 eos

213 969 301 1054 ipsos
332 967 566 1050 opprimendos
590 967 631 1029 ab
656 963 924 1028 Lacedaemoniis
955 964 1091 1026 mutuati
1121 974 1221 1038 erant,
1252 975 1340 1028 totus
1373 966 1511 1049 populus

213 1078 435 1142 reconciliatus
458 1097 552 1140 suum
575 1076 689 1139 habuit
711 1096 766 1138 aes
790 1075 929 1138 alienum
954 1085 986 1136 et
1010 1074 1114 1147 solvit,
1141 1085 1176 1136 ut
1199 1086 1328 1138 narrant
1352 1077 1510 1140 isocrates

213 1187 273 1258 VII
297 1189 340 1250 68
364 1197 397 1250 et
427 1187 667 1250 Demosthenes
690 1186 752 1248 XX
787 1203 820 1246 11
851 1194 882 1248 et
905 1201 958 1251 12,
1005 1185 1127 1264 Magna
1156 1187 1287 1266 negotia
1318 1189 1511 1250 exstiterunt

214 1299 353 1362 erebus
387 1297 593 1364 familiaribus
628 1296 844 1369 restituendis,
882 1295 959 1379 quia
993 1303 1128 1374 propter
1165 1274 1358 1358 amnestiam
1391 1299 1429 1370 ei,
1457 1299 1510 1378 qui

213 1408 383 1474 anarchiae
412 1417 559 1491 tempore
579 1408 667 1470 bona
686 1416 936 1487 occupaverant,
962 1405 1007 1466 eis
1041 1405 1157 1487 privari
1184 1426 1249 1467 non
1281 1416 1431 1490 poterant
1460 1408 1510 1489 (cf.
1579 1393 1582 1400 ¹

213 1519 315 1581 Meier
342 1518 511 1581 »debonis
529 1518 653 1579 damn·
683 1519 819 1598 p,'231),'
845 1523 988 1579 attamen
1012 1514 1187 1596 populares
1210 1515 1243 1576 id
1266 1517 1452 1592 studebant,
1478 1529 1513 1580 ut

213 1649 271 1690 sua
302 1629 439 1712 quisque
469 1636 704 1707 recuperarent.
752 1627 861 1706 Quam
890 1625 934 1689 ob
965 1645 1032 1687 rem
1058 1626 1266 1706 magistratus
1297 1628 1394 1689 creati
1424 1638 1508 1701 sunt,

214 1729 359 1802 σύνὰκοι
383 1746 416 1800 et
439 1729 614 1820 ὀυλλογεϊς,
640 1728 695 1821 qui
718 1736 799 1798 ha'ec
822 1735 1093 1808 administrarent,
1119 1743 1217 1819 atque
1240 1736 1377 1810 exsules,
1402 1739 1510 1800 etiam·

213 1849 240 1910 si
264 1849 379 1910 eadem
404 1848 499 1921 bona,
532 1843 616 1931 quae
644 1856 741 1909 antea
764 1847 810 1929 eis
834 1845 970 1918 fuerant,
1010 1846 1152 1940 recipere
1177 1854 1425 1926 non-poterant,
1451 1849 1513 1910 alia

213 1955 418 2037 acceperunt,
444 1944 563 2038 quibus
586 1977 698 2019 eorum
721 1957 878 2018 damnum
902 1955 1070 2028 levaretur,
1095 1965 1129 2017 ut
1161 1957 1299 2036 exponit
1322 1955 1527 2020 Alcibiades

214 2067 302 2147 apud
327 2069 503 2130 Isocratem
525 2067 602 2129 XVI
625 2068 678 2146 46.
726 2066 850 2130 Omnes
874 2066 968 2139 civeS,
994 2067 1168 2148 optimates
1192 2075 1225 2126 et
1248 2066 1431 2148 populares,
1458 2089 1511 2130 un·

214 2179 362 2242 animiter
378 2177 566 2260 muneribus
589 2165 689 2239 functi
713 2186 797 2249 sunt,
815 2195 1016 2260 quamquam
1038 2184 1289 2238 consentaneum
1307 2185 1357 2238 est
1374 2178 1510 2252 exsules

214 2308 297 2370 quae
321 2306 397 2370 pars
421 2287 523 2350 maior
546 2295 622 2360 erat,
647 2287 804 2370 imprimis
828 2307 846 2348 e
869 2287 933 2347 suis
957 2287 1165 2365 magistratus
1181 2273 1349 2351 creavissess
1376 2287 1510 2350 Incredi-

214 2397 278 2461 bile
301 2405 388 2459 certe
410 2404 470 2470 est,
496 2397 586 2480 quod
610 2391 755 2459 Scheibe
771 2396 789 2458 l.
814 2395 832 2462 l.
858 2416 890 2475 p.
920 2399 978 2472 148
1004 2395 1109 2471 docet,
1135 2395 1367 2475 uigintiuiros
1394 2395 1513 2478 quihus

215 2505 396 2590 respublica
419 2498 673 2568 administranda
704 2507 856 2570 mandata
881 2515 938 2579 est,
969 2507 1072 2567 donec
1107 2506 1197 2585 leges
1221 2526 1370 2568 recensae
1395 2515 1511 2578 essent,

216 2638 256 2678 ex
281 2595 492 2698 optimatibus
516 2616 635 2678 electos
670 2637 749 2690 esse,
775 2637 880 2696 neque
914 2618 1096 2697 putaverim
1129 2637 1148 2677 a
1177 2615 1305 2678 Polluce
1329 2615 1404 2700 VIII
1433 2634 1511 2682 112:

219 2726 375 2801 »τούτους
399 2711 489 2806 (coba
510 2723 620 2810 εἴκοσι)
645 2719 772 2791 εἵλοντο
794 2723 875 2809 μετὰ
892 2724 970 2800 τοὺς
987 2725 1163 2810 τριάκοντα
1187 2727 1247 2810 τῆς
1271 2725 1436 2800 πολιτείας
1459 2727 1513 2790 καὶ

215 2844 285 2902 τῶν
307 2827 419 2918 νόμων
441 2831 646 2918 ἐπιμελητάς,
670 2833 928 2920 ἀριστίνδην
951 2833 1189 2918 ἐπιλεξάμενον
1217 2834 1300 2896 hanc
1317 2837 1512 2899 sententiam

216 2946 371 3018 exhiberi,
403 2966 478 3007 nam
508 2942 697 3030 ἀριστίνδην
727 2966 793 3008 non
824 2965 954 3026 semper
982 2954 1047 3010 est:
1086 2965 1146 3006 »ex
1177 2945 1437 3025 optimatibus«,
1455 2948 1513 3008 sed

217 3058 329 3122 etiam:
362 3075 405 3117 ex
428 3056 570 3137 optimis,
595 3055 661 3118 vel:
687 3076 747 3138 pro
768 3055 937 3116 hominum
970 3056 1097 3118 virtute.
1144 3055 1181 3115 ln
1212 3053 1338 3134 legibus
1371 3064 1510 3118 tumre-

216 3167 328 3230 censis'
350 3172 383 3226 et
410 3165 742 3227 mutatisamnestiae
781 3166 939 3227 rationem
969 3164 1116 3227 habitam
1151 3186 1222 3228 esse
1254 3175 1390 3229 testatur
1414 3167 1511 3230 Isocr.
1565 3205 1568 3214 ‚

216 3273 323 3348 XVIII
347 3289 396 3336 21.
445 3274 594 3337 Dubitari
618 3284 727 3336 autem
751 3275 834 3348 licet,
860 3271 937 3335 num
960 3273 1055 3356 plane
1079 3273 1297 3340 Athenienses
1320 3279 1512 3340 amnestiam

216 3381 423 3458 servaverint,
455 3399 528 3446 cum
558 3384 720 3468 equitibus
750 3383 812 3466 τὴν
842 3383 1052 3458 κατάστασιν,
1085 3405 1168 3464 quae
1198 3387 1276 3467 quid
1307 3389 1514 3470 sitvexponit

217 3483 357 3556 Scheibe
380 3513 411 3573 p.
441 3507 497 3573 145
523 3515 581 3575 sq,
605 3493 657 3576 (cl.
682 3511 730 3568 ea,
756 3495 1000 3577 quae.exp0nit
1017 3493 1150 3577 Sauppe
1167 3497 1198 3557 in
1219 3496 1427 3578 »Philologo«
1450 3499 1513 3561 XV

216 3603 358 3687 69-76)
390 3604 578 3676 adlmerent,
610 3622 810 3686 quamquam
840 3624 888 3677 e0,
922 3605 1011 3683 quod
1042 3615 1165 3688 postea,
1198 3615 1233 3668 ut
1264 3608 1345 3672 Xen.
1372 3608 1442 3670 hell
1469 3610 1512 3670 III

221 3729 271 3788 1,4
303 3712 411 3786 tradit,
443 3712 613 3774 nonnullos
643 3731 756 3775 eorum
784 3713 943 3774 Thibroni
971 3715 1091 3776 auxilio
1124 3716 1289 3790 miserunt,
1322 3720 1523 3780 amnestiam

216 3841 282 3884 non
304 3822 473 3894 laeserunt,
500 3823 654 3906 quoniam
678 3823 833 3904 puniendi
858 3843 953 3886 causa
983 3844 1040 3886 eos
1071 3846 1135 3887 non
1169 3827 1331 3900 miserunt,
1365 3831 1513 3911 quamvis

217 3925 375 4012 optarent,
403 3941 437 3994 ut
460 3932 512 3994 illa
536 3933 745 4014 expeditione
769 3934 917 4016 perirent,
965 3934 1080 4014 Neque
1112 3937 1217 4015 magis
1239 3939 1397 4000 amnestIa
1426 3938 1513 4002 laesa

216 4051 266 4104 est
291 4040 435 4126 Socratis
456 4041 628 4126 supplicio,
655 4051 691 4104 ut
712 4043 895 4123 Hertzberg
916 4042 935 4104 l.
961 4043 978 4104 l.
1005 4065 1036 4125 p.
1061 4061 1120 4124 371
1149 4054 1262 4128 putare
1292 4047 1421 4111 videtur
1451 4049 1513 4112 alii-

210 4173 280 4237 que
307 4160 512 4234 putaverunt.
559 4153 643 4214 Nam
676 4151 827 4216 Socrates
857 4173 922 4214 non
955 4154 1067 4215 mortis
1098 4153 1269 4217 damnatus
1298 4165 1348 4220 est
1379 4170 1513 4241 propter

214 4282 263 4336 ea,
287 4281 371 4344 quae
403 4261 572 4324 anarchiae
598 4269 757 4344 'tempore
787 4263 1006 4337 commiserat,
1039 4264 1097 4325 sed
1128 4265 1204 4343 quia
1231 4276 1344 4336 contra
1377 4269 1513 4331 civitatis

215 4372 305 4454 leges
328 4380 362 4434 et
372 4371 523 4434 instituta
538 4371 645 4436 lacere
661 4373 831 4454 pergebat,
858 4382 893 4436 ut
908 4372 1164 4436 Forchhammer
1187 4374 1259 4436 ›die
1275 4376 1423 4440 Athener
1447 4380 1512 4440 und
