3402 5172
850 302 890 362 28

760 391 970 402 ...-.·..-....-—·-

216 517 259 578 de
280 536 379 579 causa
400 513 588 598 saepissime
608 513 717 577 'solum
741 514 877 576 verbum
901 508 993 594 ὅρκοι
1026 522 1129 578 totam
1153 512 1338 596 pactionem
1371 509 1509 594 amplec-

217 627 301 700 titur,
334 627 409 710 quia
437 625 513 688 huic
542 625 644 686 verbo
677 643 807 704 semper
838 624 1138 706 subintellegendae
1156 633 1241 703 ¹sunt
1269 620 1301 686 ai
1331 625 1507 706 συνθῆκαι,

219 757 304 820 quae
328 738 374 799 eis
397 737 592 802 sanciuntur.
639 733 753 814 Neque
778 734 901 816 minus¹
917 733 992 798 licet
1026 735 1097 797 solo
1133 734 1234 798 verbo
1270 734 1433 818 συνθῆκαι
1455 753 1510 815 pa·

218 867 289 908 cem
313 847 504 927 significare,
528 846 604 926 quia
627 853 660 906 et
690 842 752 906 hae
775 845 885 906 onmia
919 846 1100 917 continent,
1133 844 1251 926 quibus
1278 843 1412 906 servatis
1443 863 1510 925 pax

218 965 370 1019 servatur.
418 957 528 1037 Atque
560 954 740 1034 quoniam„
758 963 794 1016 ut
823 975 921 1037 supra
954 955 1256 1028 demonstravimus
1291 953 1536 1017 iusiurandum.

217 1086 348 1149 semper
371 1087 444 1129 cum
469 1065 676 1128 libationibus
700 1065 908 1128 coniunctum
933 1077 1010 1140 erat,
1036 1087 1101 1128 non
1125 1085 1196 1128 raro
1226 1085 1286 1149 pro
1307 1078 1375 1139 τοῖς
1399 1058 1508 1148 ὅρκοις

98 1246 101 1252 ,
218 1186 383 1259 ponuntur
404 1173 436 1240 ai
460 1175 605 1252 σπουδαί,
630 1184 666 1237 ut
687 1195 753 1254 pax
770 1184 826 1237 aut
853 1178 1039 1262 »συνθῆκαι
1060 1177 1114 1242 καὶ
1130 1177 1283 1240 σπονδαί(
1307 1185 1449 1247 vocetur,
1474 1184 1509 1237 ut

219 1286 322 1352 Thuc.
345 1287 377 1349 V
397 1289 445 1362 18,
469 1303 499 1366 9,
522 1294 578 1348 aut
600 1285 704 1347 solum
732 1285 918 1360 »erronica«,
944 1287 1033 1368 quod
1050 1308 1123 1350 cum
1139 1287 1226 1368 apud
1243 1285 1321 1348 alios
1337 1286 1510 1367 scriptores

220 1397 379 1460 invenitur
402 1406 470 1458 tum
494 1396 676 1458 sexcenties
701 1397 788 1477 apud
810 1396 1047 1478 Thucydidem.

324 1508 447 1581 Restat,
473 1516 508 1569 ut
529 1527 731 1588 quaeramus
757 1509 829 1590 quis
851 1506 1041 1588 plerumque
1064 1516 1161 1590 pacta
1182 1506 1291 1569 fecerit
1307 1506 1443 1587 quisque
1465 1506 1511 1567 iu·

219 1619 345 1682 raverit.
385 1618 439 1680 Ad
463 1639 578 1699 pacem
602 1615 782 1680 faciendam
809 1617 1008 1698 singularum
1031 1619 1171 1701 partium
1202 1617 1327 1698 legatos
1357 1617 1388 1679 in
1413 1634 1512 1678 unam

220 1729 332 1792 urbem
355 1729 546 1792 convenisse
576 1736 609 1790 et
640 1738 894 1791 consentaneum
919 1737 967 1790 est
990 1737 1024 1790 et
1047 1729 1210 1793 traditum.
1257 1728 1355 1789 Anno
1378 1743 1439 1803 421
1467 1726 1508 1788 ad

219 1861 345 1922 pacem,
371 1859 455 1922 quae
478 1860 496 1902 a
519 1839 611 1900 Nicia
644 1857 763 1900 nomen
794 1838 875 1911 tulit,
913 1837 1091 1901 faciendam
1116 1836 1362 1900 Atheniensium
1394 1846 1510 1899 cetera·

220 1971 356 2033 rumque
387 1951 553 2012 civitatum
580 1949 708 2030 legatos
737 1947 888 2030 Spartam
921 1949 1152 2011 convenissee
1183 1947 1286 2014 Thuc.
1317 1947 1349 2008 V
1378 1963 1414 2028 17
1439 1967 1509 2028 sqq.

219 2060 455 2124 demonstravit
479 2058 599 2124 Ullrich
623 2059 786 2142 (Beitrage
809 2079 864 2120 zur
887 2058 1069 2139 Erkl‘arung
1093 2061 1158 2122 und
1181 2058 1287 2123 Kritik
1310 2059 1367 2120 des
1390 2056 1508 2131 Thuk,

220 2191 326 2252 progr.
359 2170 538 2252 Hamburg.
575 2155 667 2241 1862,
700 2191 730 2251 p.
753 2187 775 2246 4
796 2173 856 2254 sq.)
886 2169 1071 2252 ibidemque
1098 2190 1155 2232 eos
1179 2169 1277 2252 paulo
1300 2171 1375 2252 po'st
1398 2167 1511 2231 foedus

219 2281 455 2348 conciliavisse·
475 2281 572 2343 Anno
596 2296 665 2357 420
689 2278 805 2343 foedus
829 2280 910 2342 inter
934 2279 1152 2344 Athenienses
1167 2291 1200 2344 et
1216 2279 1367 2362 Argivos
1394 2277 1509 2342 Manti-

220 2411 364 2463 neenseS,
396 2390 492 2453 Eleos
517 2389 656 2453 Athenis
688 2391 788 2453 ictum
812 2411 883 2454 esse
906 2390 1011 2453 Thuc.
1034 2391 1067 2453 V
1088 2391 1132 2468 46
1154 2391 1240 2453 dicit.
1289 2389 1370 2470 Quis
1397 2400 1506 2452 autem

219 2502 251 2563 in
275 2501 365 2583 pacis
381 2501 479 2564 verba
503 2500 628 2574 iuraret,
646 2501 836 2583 plerumque
861 2501 891 2563 in
908 2500 1162 2573 condicionibus,
1180 2499 1371 2584 συνθήκαις,
1395 2508 1512 2562 statue'·

219 2611 324 2677 batur.
370 2611 497 2673 Eodem
530 2612 629 2674 modo
660 2619 758 2692 atq'ue
787 2610 874 2691 apud
906 2610 1010 2696 Thue.
1035 2611 1081 2674 IV
1108 2629 1168 2691 119
1199 2612 1287 2692 apud
1317 2610 1457 2674 eundem
1482 2610 1512 2671 V

226 2739 263 2801 19
287 2730 320 2786 et
344 2737 385 2799 24
415 2721 521 2783 eidem
551 2721 659 2801 legati,
691 2721 744 2801 qui
777 2722 983 2784 condiciones
1014 2731 1277 2804 composuerunt,
1310 2721 1512 2784 iureiurando

224 2852 277 2894 eas
303 2833 459 2904 sanciunt,
484 2832 538 2913 qui
564 2839 701 2912 utroque
727 2831 800 2895 loco
824 2833 987 2913 utriusque
1004 2833 1142 2895 civitatis
1165 2843 1240 2896 sunt
1262 2832 1358 2913 legati
1375 2842 1512 2912 septem·

223 2943 336 3004 decim.
385 2942 492 3004 Etiam
516 2943 604 3022 apud
627 2941 708 3004 Xen.
733 2941 805 3008 hell.
830 2943 862 3004 V
890 2959 915 3016 1,
941 2942 1113 3024 321egati,
1144 2944 1199 3026 qui
1224 2941 1359 3024 Spartae
1382 2943 1510 3013 adsunt,

223 3052 443 3115 iusiurandum
471 3052 558 3124 dant,
592 3061 625 3114 et
657 3053 744 3115 idem
766 3053 802 3116 fit
825 3054 866 3120 ib.
890 3053 945 3128 VI,
972 3069 1000 3132 3,
1035 3071 1081 3134 19.
1131 3053 1303 3116 Sollemnis
1333 3062 1444 3115 autem
1466 3053 1510 3114 iu·

223 3163 313 3225 randi
342 3182 414 3223 mos
444 3171 523 3235 erat,
556 3170 590 3223 ut
621 3162 652 3224 in
681 3163 822 3245 singulas
851 3164 997 3226 civitates
1032 3163 1212 3244 legationes
1246 3163 1449 3226 mitterentur
1480 3172 1513 3224 et

222 3293 331 3336 coram
355 3270 404 3334 his
426 3273 631 3353 magistratus
655 3273 794 3336 civitatis
821 3274 1041 3336 iusiurandum
1065 3255 1189 3340 darent.
1237 3273 1311 3356 Qua
1341 3273 1383 3336 de
1414 3293 1512 3335 causa

221 3384 308 3463 apud
337 3381 440 3444 Thuc.
472 3382 504 3443 V
533 3397 585 3464 47,
610 3400 631 3463 9
659 3382 908 3446 Atheniensium
936 3393 1067 3447 senatus
1097 3394 1130 3447 et
1159 3384 1364 3465 magistratus
1396 3383 1508 3457 iurare,

221 3504 376 3576 prytanes
400 3493 621 3555 iusiurandum
651 3494 797 3575 accipere
828 3494 979 3557 iubentur
1011 3505 1044 3576 et
1072 3494 1214 3557 similiter
1238 3504 1415 3559 ceterarum
1439 3494 1509 3555 civi-

221 3614 325 3667 tatum
350 3604 568 3684 magistratus
606 3603 789 3686 Xenophon
819 3605 865 3667 VI
892 3618 918 3684 5,
944 3620 960 3684 3
986 3614 1093 3667 narrat
1126 3604 1343 3668 Athenienses
1373 3603 1508 3685 legatos,

225 3715 320 3789 »τοὺς
344 3709 531 3798 ripaeursae«,
557 3715 588 3775 in
612 3713 754 3794 singulas
787 3714 883 3777 urbes
906 3715 1060 3788 emisisse,
1091 3735 1199 3777 coram
1226 3715 1343 3797 quibus
1365 3734 1510 3776 summos

219 3825 387 3886 civitatum
420 3825 634 3906 magistratus,
672 3821 732 3888 »τοὶ
752 3823 886 3907 μέγιστα
907 3824 1016 3909 τέληι,
1041 3825 1202 3888 iuravisse.
1250 3825 1285 3887 In
1298 3823 1332 3887 C.
1347 3825 1369 3887 l.
1385 3824 1453 3887 A.I
1476 3846 1507 3906 p.

222 3949 257 4012 31
291 3934 534 4016 praescribitur:
569 3931 648 3998 »τὸν
670 3933 704 3997 δὲ
734 3927 843 4018 ὁῖρκον
873 3931 986 4018 ὀμόσαι
1001 3930 1184 4019 Ἀθηναίων
1205 3933 1264 4018 μὲν
1286 3933 1361 4018 τὴν]
1385 3933 1509 4018 βουλὴν

219 4043 273 4107 καὶ
295 4067 315 4108 τ
332 4061 369 4090 -·
385 4082 427 4090 -
448 4067 514 4116 -‹,
539 4044 580 4106 ib.
599 4043 628 4105 11
643 4063 674 4122 p.
690 4061 729 4124 23
756 4044 846 4107 inser.
869 4058 906 4124 52
917 4054 1053 4108 senatus
1069 4045 1318 4127 compluresque
1334 4044 1508 4107 Athenien·

218 4153 300 4215 sium
324 4153 532 4233 magistratus
556 4152 660 4215 iurare
684 4153 837 4216 iubentur
859 4166 892 4219 et
908 4155 994 4217 idern
1018 4155 1085 4218 fieri
1099 4157 1227 4218 videtur
1250 4156 1293 4219 ib.
1314 4178 1346 4240 p.
1363 4173 1407 4233 40
1430 4157 1506 4221 inse.

217 4280 269 4342 90.
288 4263 333 4325 lb.
353 4263 397 4324 IV
414 4284 444 4344 p.
466 4279 507 4324 20
523 4271 651 4344 praeter
665 4272 814 4326 senatum
829 4275 1004 4346 praetores,
1032 4259 1087 4351 ›[r‘2'
1100 4289 1136 4331 τε
1154 4266 1256 4352 βουλὴ
1271 4269 1325 4333 καὶ
1348 4265 1377 4332 oi
1400 4268 1508 4352 obpa-

218 4373 339 4456 τηγοὶι,
375 4373 478 4434 iurare
511 4372 668 4435 iubentur.
714 4375 750 4436 In
783 4375 998 4459 inscriptione,
1034 4397 1131 4458 quam
1156 4377 1319 4441 Kohlerl.
1344 4378 1362 4444 1.
1386 4398 1416 4458 p.
1448 4397 1508 4458 139

217 4481 334 4556 edidit,
368 4491 525 4544 statutum
552 4492 620 4549 est:
652 4479 794 4570 ιόμόοαῂ
818 4483 863 4570 op
888 4498 956 4561 τοῖς
975 4481 1123 4572 [ἥκουσιν
1139 4488 1243 4576 Χίοις]
1267 4488 1326 4572 μὲν
1351 4487 1416 4572 τὴμ
1438 4492 1509 4568 βου·
