3436 5164
430 809 436 818 ,
487 729 769 836 Sententiae
808 761 1171 874 controversae.

336 997 342 1012 .
390 947 437 1020 Ei,
464 947 518 1028 qui
542 967 616 1009 cum
640 949 671 1012 in
695 949 765 1011 aliis
786 950 997 1032 scriptoribus
1020 958 1089 1011 tum
1107 949 1136 1011 in
1161 949 1307 1011 Homero
1332 950 1363 1010 in
1380 949 1473 1010 inter·

391 1057 571 1138 polationes
596 1057 767 1138 inquirunt,
793 1081 892 1142 saepe
923 1059 1016 1121 nimis
1041 1058 1220 1139 neglegunt
1249 1059 1350 1120 etiam
1382 1059 1473 1120 inter·

391 1165 574 1248 polatorem
598 1168 715 1231 librum
738 1170 855 1252 legisse
879 1179 912 1232 et
934 1171 1070 1233 novisse.

337 1327 344 1342 .
392 1275 557 1358 Sophocl„
572 1277 654 1342 Oed.
680 1281 755 1362 Tyr.
781 1283 845 1360 438
871 1282 1005 1344 verbum
1031 1279 1126 1360 φύσει
1149 1281 1345 1342 servandum
1370 1290 1428 1342 est.

332 1393 347 1448 “.
394 1389 496 1471 Apud
518 1391 725 1453 Andocidem
748 1392 761 1452 I
784 1407 825 1471 92
849 1413 908 1474 pro
936 1388 1108 1464 »καὶτοὺς
1134 1388 1272 1473 νόμους(
1299 1390 1473 1470 legendum
1702 1441 1703 1444 ,

389 1509 461 1567 est:
490 1497 571 1584 μετὰ
595 1499 673 1575 τοὺς
694 1499 823 1584 νόμους.

1702 3441 1703 3468 l

339 1661 345 1675 .
396 1610 496 1691 Apud
519 1612 670 1694 [Lysiam]
693 1612 739 1674 VI
765 1629 780 1690 3
812 1613 977 1687 lectiones
1013 1633 1094 1694 quas
1123 1612 1282 1676 editiones
1300 1612 1474 1684 exhibent,

390 1719 624 1801 improbandae
647 1732 730 1797 sunt,
757 1723 877 1784 c'odicis
898 1722 998 1786 verba
1020 1733 1076 1786 aut
1107 1723 1279 1785 Immutata
1307 1722 1475 1798 retinenda

390 1839 464 1892 sunt
498 1841 554 1893 aut
579 1833 821 1914 praepositione
845 1833 918 1918 περὶ
945 1842 1020 1895 ante
1052 1830 1120 1898 »τώ
1148 1830 1236 1898 θεώ(
1275 1834 1402 1906 inserta,
1441 1821 1478 1895 ut'

387 1940 527 2021 legatur:
550 1934 620 2007 »ὅτι
650 1941 793 2028 ἐναργῶς
816 1943 890 2026 περὶ
905 1940 1049 2016 tuideo)
1072 1942 1183 2008 τούτω
1203 1955 1371 2044 τιμωρεῖτε
1398 1941 1476 2018 τοὺς

389 2045 612 2127 ἀόικοῦνταςι.

335 2209 340 2222 .
388 2161 537 2245 Xenoph.
564 2162 671 2226 Anab.
697 2165 710 2225 I
733 2177 785 2242 4,5
810 2164 958 2237 lectione,
994 2184 1092 2248 quarn
1121 2164 1247 2248 plurimi
1279 2164 1408 2226 codices
1441 2174 1473 2226 et

389 2272 528 2334 editores
545 2274 708 2348 exhibent,
726 2285 835 2356 spreta
851 2274 1024 2356 legendum
1041 2285 1106 2336 est:
1129 2275 1201 2338 »καὶ
1216 2273 1474 2358 βιασάμενος

388 2380 467 2456 τούς
490 2385 663 2466 πολεμίους
687 2383 935 2470 παρέλθοιε.

337 2538 342 2552 .
390 2492 582 2556 Aristoteles
607 2495 686 2558 falso
710 2495 827 2557 dicitur
849 2495 951 2558 verbo
979 2488 1017 2581 »ἦ
1041 2494 1212 2578 noticiam
1238 2495 1268 2556 in
1293 2492 1472 2570 ethicorum

388 2602 476 2665 libris
492 2604 522 2666 X
540 2605 644 2668 ethica
660 2606 850 2687 significare,
867 2606 897 2666 In
915 2606 1121 2687 politicorum
1134 2605 1221 2670 libris
1242 2603 1311 2666 VIII
1328 2604 1467 2686 politica.

387 2712 492 2776 Immo
521 2735 651 2797 semper
681 2716 744 2778 hoc
773 2715 873 2778 verbo
904 2715 1063 2797 significat
1091 2724 1195 2777 totam
1227 2714 1468 2796 philosophiam

387 2825 572 2906 practicam,
598 2827 687 2888 cuius
710 2826 798 2908 prior
822 2846 896 2905 pars
911 2834 986 2888 sunt
1009 2827 1125 2899 ethica,
1143 2826 1304 2908 posterior
1326 2825 1466 2906 politica.

387 2933 494 3014 Quam
529 2936 573 2998 ob
600 2955 668 2998 rem
698 2935 877 2998 ethicorum
909 2935 988 2999 liber
1024 2937 1147 3018 prImus
1184 2937 1289 3018 capite
1319 2941 1467 2998 extrenio

370 3055 524 3125 excepto
548 3044 644 3108 huius
668 3049 839 3132 πολιτικῆς
862 3056 936 3109 sunt
960 3045 1125 3128 praefatio.

332 3206 339 3222 .
386 3156 485 3236 Quod
510 3176 608 3238 saepe
630 3157 767 3239 legimus
790 3177 848 3220 sex
871 3155 998 3218 milibus
1015 3157 1239 3238 suffragiorum
1264 3157 1351 3240 apud
1369 3156 1467 3218 Athe·

385 3266 512 3328 nienses
536 3286 620 3348 opus
642 3266 739 3330 fuisse
764 3268 804 3328 ad
829 3267 1054 3348 impunitatem
1080 3269 1231 3341 dandam,
1256 3269 1298 3329 ad
1328 3267 1467 3350 peregri-

386 3395 464 3437 num
492 3377 524 3438 in
554 3377 718 3441 civitatem
749 3379 978 3462 recipiendum,
1008 3381 1049 3442 ad
1073 3380 1178 3441 ciuem
1200 3379 1390 3441 ostracIsmo
1415 3399 1466 3440 ex-

393 3485 586 3567 pellendum,
610 3489 652 3551 ad
677 3489 737 3551 alia
761 3489 971 3563 decernenda,
995 3499 1103 3551 errant
1125 3489 1162 3559 ei,
1187 3489 1241 3568 qui
1263 3497 1379 3571 putant
1402 3509 1468 3550 non

386 3597 569 3678 oportuisse
604 3618 662 3660 sex
693 3598 780 3660 milia
812 3599 1040 3680 suffragiorum
1075 3599 1289 3680 rogationem,
1316 3600 1472 3680 probare,

385 3706 442 3768 sed
459 3708 591 3770 omnino
608 3708 684 3770 dari.
710 3709 814 3770 Immo
831 3709 977 3791 oportuit
999 3728 1039 3770 ea
1051 3709 1160 3771 omnia
1172 3710 1320 3791 probare.
1357 3708 1467 3788 Quon-

382 3817 445 3880 iam
469 3836 547 3879 vero
571 3819 797 3907 suffragiorum
821 3819 1055 3898 antiquantium
1071 3838 1248 3903 numquam
1265 3819 1346 3882 ratio
1369 3817 1464 3881 habe-

361 3949 364 3957 ·
383 3936 443 4001 tur,
467 3928 674 3990 statuendum
698 3939 756 4000 est,
782 3949 838 3992 eos
859 3929 955 4003 solos,
982 3930 1037 4013 qui
1053 3928 1462 4010 rogationemprobarent,

383 4039 535 4119 suffragia
558 4040 694 4102 dedisse.

330 4195 336 4210 .
385 4148 420 4210 ln
436 4148 584 4212 Caesaris
600 4149 671 4213 bell.
688 4146 769 4215 Gall.
786 4150 832 4213 VI
850 4166 925 4228 244
941 4151 1115 4231 legendum
1133 4159 1198 4214 est:
1223 4148 1316 4211 Nunc
1334 4149 1465 4230 quidem

384 4261 416 4322 In
440 4261 555 4323 eadem
578 4260 698 4340 inopia,
724 4268 879 4342 egestate,
905 4261 1069 4342 patientia,
1103 4280 1181 4341 qua
1214 4257 1365 4322 Germani
1396 4280 1466 4344 per·

384 4380 525 4434 manent.

304 4497 335 4560 9.
381 4481 476 4548 Ovid.
501 4481 573 4548 fast.
598 4483 611 4544 I
636 4496 748 4544 Versus
773 4497 837 4561 320
852 4497 945 4560 —332
970 4490 1058 4543 recto
1081 4481 1192 4543 ordine
1215 4480 1323 4543 traditi
1346 4489 1430 4542 sunt.
