3402 5172
835 279 898 364 9².
954 357 960 362 .

207 485 404 556 amnestiam
430 487 598 548 ‹iecretam
623 479 786 546 oblivione
810 477 963 540 delendas
990 475 1086 540 iuisse
1110 485 1209 558 neget
1232 475 1367 538 sortasse
1389 470 1553 553 aliquis,

207 615 412 688 ritmurquam
436 615 500 676 ego
528 613 593 658 uon
619 609 740 674 negare
765 587 940 652 maluerim.

321 708 437 794 Lysim
454 705 560 772 oratio
577 703 654 770 XVI
676 699 729 766 »iu
744 701 846 780 βουλῇ
871 697 1053 782 aromata>
1075 697 1316 782 δοκιμαζομένῳ
1337 694 1552 777 ἀπολογία(

211 821 403 896 trra-riniani.
436 839 500 904 qun
532 817 650 882 eodem
681 811 746 878 iere
777 810 877 874 modo
907 821 1005 894 atque
1035 810 1179 872 eiusdem
1212 810 1350 872 oratoris
1373 807 1557 871 oratione

213 931 304 1002 XXV
332 929 409 996 rivis
432 929 578 1014 trititiam,
603 925 695 990 cuius
719 939 838 986 innuen
863 922 1042 984 secundum
1065 919 1193 983 titulum
1216 918 1414 982 Mantitheus
1448 925 1553 986 erat,

212 1041 483 1110 arridendum
509 1036 737 1108 niiiacivibus,
764 1033 916 1116 quicum
951 1053 1085 1095 munere
1112 1031 1245 1112 dignum
1279 1051 1350 1092 esse
1380 1047 1553 1108 negave-

213 1163 295 1224 runt.
347 1153 379 1220 in
404 1151 463 1218 inte
482 1169 615 1232 quoque
632 1167 729 1210 causa
752 1146 884 1218 crimen,
909 1145 999 1206 cuius
1015 1151 1220 1204 accusatores
1244 1161 1318 1203 eum
1335 1146 1551 1222 arguerant,

213 1265 336 1336 nulium
363 1262 428 1330 sere
453 1260 541 1328 aliud
566 1269 646 1332 erat,
673 1277 771 1340 quam
796 1256 884 1338 quud
908 1254 1181 1334 trigintarirorum
1203 1261 1353 1333 tempore
1375 1251 1406 1313 in
1442 1248 1554 1311 urbe

215 1375 387 1444 rrrarniner
411 1381 443 1436 et
466 1391 567 1458 eques
593 1367 714 1438 fuisset,
739 1367 828 1448 quod
852 1365 1030 1428 seeundum
1051 1362 1135 1425 hanc
1157 1362 1378 1424 defensionem
1401 1381 1443 1423 ne
1477 1379 1551 1420 ve-

216 1503 287 1554 tum
312 1481 444 1570 quidem
469 1489 546 1546 erat.
595 1478 685 1542 Idem
709 1477 807 1556 igitur
828 1476 869 1538 de
891 1474 954 1536 hac
975 1494 1072 1536 causa
1102 1473 1311 1536 statuendum
1341 1481 1398 1544 est,
1431 1469 1548 1552 quod

216 1595 257 1660 rie
282 1591 382 1660 attera
406 1611 502 1656 causa
527 1588 677 1658 diximus,
701 1585 858 1650 adversus
881 1585 1074 1648 amnestiam
1105 1585 1189 1648 hanc
1214 1583 1454 1645 accusationem
1489 1581 1547 1641 in-

217 1703 363 1769 stitutam
389 1723 469 1772 esse,
494 1699 551 1762 sed
577 1717 641 1760 nou
665 1707 714 1758 est
729 1697 900 1760 verisimile
924 1697 1138 1759 Mantitheum
1160 1694 1412 1756 condemnatum
1438 1711 1543 1756 esse.

221 1815 293 1898 ipae
317 1821 404 1876 certe
428 1809 505 1874 dicit
528 1829 563 1870 se
587 1827 794 1890 nequaquam
811 1817 965 1877 metuere,
989 1827 1029 1869 ne
1052 1807 1234 1872 damnetur.
1259 1823 1359 1886 quam
1381 1803 1426 1864 ob
1450 1820 1540 1886 rem

220 1923 261 1988 ad
287 1919 481 1986 amnestiam
505 1915 640 1980 omnino
665 1936 729 1979 non
754 1915 873 1997 refugit
897 1937 1002 1998 neque
1024 1915 1093 1978 eius
1116 1917 1315 1978 mentionem
1337 1912 1422 1976 facit.

329 2029 486 2102 Omnium
509 2027 693 2089 orationum
717 2032 863 2085 extrema
885 2024 1027 2086 breviter
1055 2027 1223 2088 tractanda
1246 2045 1331 2087 nunc
1354 2023 1449 2085 nobis
1472 2031 1540 2086 est

221 2141 339 2224 Lysiae
362 2138 466 2202 oratio
489 2136 607 2209 XXVI,
633 2155 717 2216 quae
744 2133 836 2217 »arpi
859 2141 920 2216 τῆς
943 2132 1117 2220 Εὐάνδρου
1140 2136 1342 2219 doaerpnoingr
1368 2135 1535 2218 inscripta

223 2261 280 2325 est,
307 2268 407 2335 quam
430 2267 516 2309 anno
548 2249 610 2325 382
642 2244 788 2316 habitam
819 2265 890 2307 esse
922 2257 1059 2320 constat,
1085 2249 1103 2308 i.
1128 2268 1156 2309 e.
1182 2247 1254 2331 pius
1282 2244 1398 2326 viginti
1430 2245 1535 2306 annis

224 2369 300 2446 post
331 2357 525 2422 amnestiam
557 2357 731 2429 decretam,
756 2353 795 2416 ci.
819 2354 909 2418 Blass
932 2357 951 2418 i.
976 2356 995 2422 1.
1020 2358 1032 2420 Ι
1055 2375 1115 2438 471
1141 2379 1213 2441 sqq.
1235 2357 1387 2420 Euander
1410 2350 1534 2438 ἄρχων

224 2467 396 2552 ἐπώνυμος
419 2467 619 2548 designatus
643 2485 718 2527 cum
742 2466 989 2540 examinaretur,
1015 2468 1057 2530 ab
1081 2489 1131 2540 eo,
1156 2469 1211 2550 qui
1234 2467 1319 2529 hanc
1340 2467 1530 2530 orationem

224 2579 347 2651 habuit,
379 2588 551 2640 accusatus
581 2585 629 2639 est
656 2576 749 2661 quasi
779 2595 912 2638 munere
942 2578 1086 2659 gerendo
1118 2579 1279 2658 indignus,
1304 2577 1459 2659 imprimis
1483 2597 1529 2638 ea

226 2690 270 2751 de
291 2708 397 2761 causa,
424 2688 500 2768 quia
522 2674 798 2770 trigintavirorum
822 2696 971 2769 tempore
995 2709 1128 2751 munere
1157 2688 1286 2751 functus
1314 2707 1427 2750 eorum
1448 2687 1527 2748 faci-

226 2819 345 2862 norum
366 2800 530 2881 particeps
552 2797 658 2861 sactus
681 2807 775 2862 esset.
824 2799 937 2878 ltaque
960 2799 988 2860 ei
1013 2819 1145 2882 quoque
1168 2819 1217 2870 ea,
1245 2819 1330 2880 quae
1353 2797 1527 2860 anarchiae

225 2916 373 2991 tempore
402 2909 488 2972 sacta
520 2909 676 2972 oblivioni
706 2909 813 2971 danda
843 2918 943 2982 erant,
977 2909 1158 2992 opprobrio
1189 2918 1380 2972 vertuntur..
1415 2906 1526 2987 Quam

226 3020 271 3081 ob
300 3039 369 3081 rem
399 3019 479 3081 haec
509 3039 641 3103 quoque
668 3019 772 3081 oratio
800 3018 910 3081 habita
939 3028 988 3081 est
1018 3020 1173 3081 adversus
1194 3019 1398 3091 amnestiam,
1424 3037 1524 3103 quam

227 3137 338 3192 orator
361 3128 399 3212 ἓξ
421 3129 547 3191 16—20
569 3130 708 3212 respicit,
734 3149 832 3210 quam
855 3131 887 3191 in
911 3129 929 3213 ᾗ
951 3130 988 3192 16
1006 3139 1104 3191 vocat
1129 3127 1225 3203 »roric
1249 3123 1368 3211 ὅρκους
1389 3129 1442 3191 καὶ
1463 3124 1526 3202 τὰς
1575 3217 1580 3228 Ι
1670 3203 1671 3210 ¹

233 3238 433 3322 συνθήκαςι,
459 3239 501 3302 ad
532 3259 629 3319 quam
658 3240 849 3304 laedendam
881 3241 981 3302 modo
1010 3240 1226 3302 audacissimo
1256 3251 1289 3302 et
1318 3239 1527 3301 iniustissime

227 3349 350 3412 iudices
372 3368 579 3412 commovere
610 3360 754 3425 conatur,
785 3371 859 3412 cum
892 3350 978 3424 dicit,
1013 3351 1139 3412 etiamsi
1169 3349 1322 3412 Euander
1345 3350 1524 3420 damnetur,

228 3459 343 3521 ceteris
367 3459 496 3522 urbanis
512 3462 724 3524 metuendum
742 3481 806 3523 non
822 3483 902 3535 esse,
927 3481 968 3523 ne
984 3460 1142 3522 amnestia
1163 3462 1340 3542 priventur,
1365 3479 1441 3522 nam
1457 3479 1523 3521 non

228 3588 342 3632 omnes
368 3569 508 3632 urbanos
531 3572 713 3652 puniendos
736 3592 815 3646 esse,
840 3572 898 3634 sed
920 3571 1086 3634 hominem
1110 3570 1215 3633 solum
1237 3579 1306 3632 tarn
1321 3571 1523 3642 sceleratum,

227 3678 356 3762 qualem
380 3679 531 3742 Euander
553 3701 589 3743 se
612 3679 816 3762 praestiterit.
853 3679 951 3760 Quod
976 3680 1017 3742 de
1041 3699 1238 3761 unoquoque
1263 3681 1396 3754 urbano,
1421 3681 1471 3742 cui
1494 3699 1525 3742 a·

229 3790 365 3851 mnestia
398 3809 481 3872 opus
508 3801 593 3866 erat,
625 3791 686 3854 dici
720 3791 865 3873 potuisse
895 3791 1100 3854 manifestum
1135 3800 1192 3853 est.
1240 3791 1314 3852 Hoc
1337 3790 1438 3852 modo
1460 3786 1525 3850 fere

229 3899 346 3962 nemini
371 3901 529 3963 amnestia
551 3901 707 3964 servanda
724 3909 807 3964 erat.
856 3901 906 3963 Eo
930 3922 1031 3985 usque
1054 3902 1244 3965 temeritatis
1271 3901 1369 3976 venit,
1393 3911 1429 3962 ut
1451 3901 1469 3984 ἓ
1492 3917 1523 3978 9,

227 4009 268 4072 dc
291 4031 356 4092 qua
378 4010 592 4085 conserantur,
617 4031 701 4093 quae
724 4030 824 4090 supra
838 4010 867 4094 (ξ
885 4013 937 4094 25)
960 4013 1180 4094 exposuimus,
1198 4013 1283 4075 dicat
1306 4032 1345 4073 ea
1370 4010 1525 4093 imprimis

227 4121 269 4182 de
292 4140 389 4184 causa
410 4122 619 4202 magistratus
642 4121 829 4203 designatos
846 4121 1032 4196 examinari,
1059 4143 1099 4184 ne
1121 4123 1304 4205 optimates,
1330 4123 1450 4184 scilicet
1472 4120 1525 4184 iilo

226 4241 375 4313 tempore
409 4231 456 4303 ei,
495 4233 548 4312 qui
586 4241 797 4314 tyrannorum
832 4233 909 4295 socii
945 4232 1088 4308 fueraut,
1128 4253 1262 4295 munera
1297 4233 1524 4315 adipiscantur,

226 4341 345 4426 quibus
374 4342 559 4425 procaciore
592 4351 705 4406 contra
737 4343 930 4404 amnestiam
959 4343 1045 4405 dicta
1077 4363 1149 4406 esse
1171 4343 1227 4404 vix
1249 4352 1394 4424 possunt.
1439 4341 1539 4430 Quin.

225 4453 323 4520 etiam
347 4451 378 4516 iu
403 4451 420 4537 ξ
446 4468 463 4514 2
486 4463 594 4518 orator
623 4454 786 4537 vituperat
814 4452 1048 4527 Athenienses,
1090 4453 1178 4533 quod
1212 4452 1391 4532 religiosius
1421 4471 1525 4514 amne-
