3402 5172
793 299 835 376 89

170 521 284 576 narrat
300 513 408 593 ipsum
425 512 632 576 Andocidem
653 529 802 591 sperare:
830 507 992 584 »πολλοὺς
1008 503 1099 592 ὑμῶν
1120 507 1263 585 δεδιότας
1286 509 1329 594 μὴ
1351 507 1469 593 λύσητε

170 620 235 699 τὰς
259 623 428 707 συνθήκας
450 619 553 688 αὐτοῦ
576 619 870 706 ἀπσψηφιεῖσθαιι,
899 629 931 683 et
960 620 1149 682 Andocides
1173 621 1243 699 ipse
1267 623 1287 700 ξ
1315 636 1376 702 140
1405 640 1470 682 non

171 735 282 796 minus
307 754 404 813 quam
426 733 584 795 isocrates
607 742 742 816 propter
764 732 957 794 amnestiam
979 731 1066 792 cives
1088 750 1165 792 suos
1186 730 1359 812 praedicat.

281 847 300 926 ξ
319 861 369 925 31.
416 844 489 908 Una
512 854 623 905 tamen
647 849 753 905 exstat
776 842 890 916 orati0,
928 861 992 922 qua
1008 841 1161 902 certiores
1185 840 1351 903 reddimur
1373 839 1468 903 inter·

170 956 251 1017 dum
282 954 404 1016 iudices
437 952 641 1017 nihilominus
671 952 827 1014 adversus
860 951 1052 1032 amnestiam
1083 951 1279 1026 decrevisse,
1313 960 1469 1034 quaeest

169 1066 291 1146 Lysiae
316 1065 420 1129 oratio
442 1065 538 1128 tertia
555 1064 680 1126 decima
702 1063 734 1124 in
751 1063 936 1144 Agoratum
952 1061 1071 1134 habita,
1089 1082 1173 1144 quae
1192 1083 1265 1124 uno
1281 1061 1330 1124 vel
1354 1063 1469 1145 paucis

172 1175 266 1238 annis
290 1184 365 1254 post
388 1175 569 1237 Andocidis
598 1173 838 1237 accusationem
869 1173 990 1254 scripta
1014 1192 1088 1234 esse
1110 1173 1244 1240 videtur.
1290 1173 1468 1253 Agoratus,

171 1287 275 1350 horno
297 1287 531 1369 nequissimus,
557 1303 648 1359 cum,
674 1292 846 1365 antequam
870 1283 1060 1364 trigintaviri
1085 1283 1299 1358 exstitissent,
1324 1284 1365 1347 de
1387 1303 1470 1366 pace

171 1417 247 1460 cum
272 1397 540 1460 Lacedaemoniis
569 1393 807 1456 reconcilianda
837 1402 1001 1475 ageretur,
1032 1393 1216 1473 complures
1239 1393 1468 1465 Athenienses,
1497 1394 1501 1398 ’

172 1509 229 1590 qui
247 1516 360 1570 contra
379 1526 494 1586 pacem
512 1491 693 1568 faciendam
710 1505 967 1579 coniuraverant,
991 1489 1195 1577 indicaverat,
1221 1505 1274 1585 qui
1291 1504 1322 1567 in
1345 1502 1470 1566 vincula

172 1617 304 1697 publica
334 1617 471 1680 coniecti
500 1637 519 1679 a
549 1615 759 1696 trigintaviris
789 1614 888 1699 paulo
918 1625 994 1697 post
1028 1595 1142 1678 creatis
1177 1613 1334 1678 interfecti
1368 1624 1467 1677 erant.

173 1729 292 1792 Postea
314 1749 393 1791 vero
423 1728 492 1810 ipse
516 1728 556 1789 ad
581 1724 898 1808 populares'Phylen
929 1725 1056 1808 fugerat
1077 1735 1111 1788 et
1132 1746 1206 1787 cum
1231 1725 1333 1788 eisin
1356 1723 1469 1788 urbem

172 1848 361 1904 reverterat.
408 1836 636 1918 Compluribus
668 1845 777 1898 autern
810 1837 901 1898 annis
930 1847 1048 1916 posta
1077 1835 1236 1917 Dionysio
1266 1843 1299 1898 et
1329 1855 1384 1910 σο,
1420 1833 1469 1911 cui

172 1950 288 2031 Lysias
310 1949 395 2011 hanc
419 1949 599 2011 orationem
622 1949 762 2029 scripsit,
795 1947 910 2010 mortis¹
931 1947 1057 2010 illorum
1081 1955 1249 2010 accusatus
1282 1953 1340 2012 est.
1387 1945 1469 2009 Con-

172 2060 277 2123 tendit
299 2059 475 2140 Agoratus,
501 2067 534 2121 et
556 2067 643 2122 recte
667 2059 834 2121 contendit
859 2067 994 2141 propter
1018 2057 1209 2120 amnestiam
1231 2056 1469 2140 promulgatam

173 2191 209 2233 se
230 2171 395 2249 impunem
420 2189 500 2242 esse,
526 2169 614 2250 quod
636 2177 862 2248 argumentum
878 2146 1048 2232 accusator
1071 2169 1110 2252 ἐξ
1136 2170 1266 2247 88—90
1289 2167 1469 2247 praesumit

174 2281 327 2362 quodque
360 2281 459 2343 modo
488 2277 663 2341 artificioso
698 2288 743 2341 et'
766 2277 868 2341 fallaci
888 2279 1041 2360 ¹refutare
1076 2288 1228 2353 conatur,
1264 2298 1339 2342 cum
1373 2278 1470 2340 docet

174 2399 289 2472 pactos
319 2410 390 2452 esse
429 2388 557 2452 exsules
587 2408 663 2450 cum
694 2388 823 2452 urbanis
846 2389 866 2451 i.
893 2411 919 2450 e.
955 2390 1087 2453 alteram
1110 2397 1237 2472 partem
1260 2409 1333 2451 curn
1358 2387 1466 2462 altera,

176 2521 240 2562 non
263 2520 341 2562 vero
366 2519 431 2570 eos
457 2500 510 2580 qui
535 2499 681 2561 eiusdem
701 2500 803 2580 partis
826 2498 981 2577 luissent,
1014 2501 1095 2562 inter
1117 2520 1161 2565 se.
1200 2499 1291 2580 Ergo
1314 2498 1469 2581 quoniam

177 2620 208 2672 et
231 2619 435 2673 accusatores
452 2607 484 2672 et
500 2609 666 2691 Agoratus
689 2611 772 2672 inter
794 2609 920 2672 exsules
942 2610 1060 2673 suerint
1094 2610 1137 2674 ad
1171 2609 1255 2673 hanc
1282 2629 1414 2672 causam
1437 2630 1467 2672 a·

176 2721 345 2784 mnestiam
360 2739 424 2781 non
438 2720 606 2802 pertinere.
633 2719 740 2800 Quam
753 2721 1068 2802 argumentationem
1081 2720 1227 2800 dolosam
1242 2729 1274 2783 et
1285 2719 1467 2800 improban-

180 2832 256 2894 dam
273 2851 343 2893 esse
355 2839 455 2913 patet,
469 2831 661 2913 praesertim
678 2851 751 2894 cum
763 2832 794 2892 in
807 2832 983 2895 amnestiae
995 2833 1186 2905 iurament0,
1202 2832 1290 2912 quod
1302 2807 1394 2914 apud
1403 2830 1468 2893 An·
1554 2826 1557 2831 ’

177 2942 326 3004 docidem
342 2942 531 3014 invenimus
546 2941 664 3004 diserte
680 2940 803 3004 dictum
815 2943 872 3005 sit:
891 2941 963 3006 »καὶ
985 2939 1024 3006 οὐ
1047 2942 1277 3028 μνησικακήσω
1292 2948 1361 3007 τῶν
1379 2945 1467 3006 πολι-

175 3059 243 3116 τῶν
258 3048 364 3117 οὐδενὶ
387 3051 493 3135 πλήν(
522 3061 580 3113 etc.
629 3051 743 3133 Neque
774 3061 936 3115 oratorem
959 3053 1067 3136 ipsum
1091 3053 1172 3135 fugit
1195 3052 1280 3115 hanc
1308 3053 1467 3115 rationem
1554 3037 1557 3044 ’

176 3161 287 3224 salsam
304 3182 383 3236 esse,
402 3182 500 3242 quam
516 3162 561 3223 ob
584 3181 661 3235 rem,
686 3161 873 3244 priusquam
890 3183 960 3225 eam
978 3161 1110 3244 profert,
1136 3172 1260 3226 temere
1275 3162 1396 3226 iudices
1411 3163 1465 3226 ad·

176 3272 330 3346 hortatur,
355 3282 391 3335 ut
413 3273 604 3336 amnestiam
629 3271 803 3353 neglegant
826 3283 859 3334 et
881 3272 1018 3346 laedant,
1043 3294 1155 3335 eorum
1180 3281 1299 3364 autem,
1325 3273 1380 3356 qui
1403 3272 1466 3334 hoc

175 3383 279 3445 facere
302 3402 366 3444 non
383 3383 531 3456 audeant,
556 3391 591 3445 ut
606 3383 698 3447 tollat
712 3382 907 3466 scrupulum,
932 3383 1018 3447 illam
1033 3383 1124 3447 addit
1139 3383 1466 3463 argumentationem.

175 3493 292 3555 Totam
328 3501 438 3554 autem
472 3491 555 3556 hanc
590 3493 745 3556 orationis
777 3502 902 3576 partem
935 3514 1033 3576 quam
1068 3493 1256 3557 brevissime
1290 3494 1465 3576 expedivit,

176 3604 248 3684 quia
270 3603 353 3666 iusta
376 3604 475 3665 verba
499 3603 539 3665 de
563 3623 601 3666 ea
628 3601 735 3665 iacere
761 3623 826 3666 non
850 3604 966 3686 potuit.
1014 3603 1141 3684 Quibus
1165 3604 1206 3666 de
1230 3589 1334 3667 causis
1358 3605 1467 3686 negari

176 3735 239 3778 non
263 3721 373 3796 potest
396 3714 457 3776 hac
481 3735 579 3777 causa
601 3714 747 3777 instituta
770 3714 964 3776 amnestiam
987 3714 1178 3797 impugnari,
1204 3713 1359 3796 quoniam
1378 3714 1467 3795 Ago·

177 3826 232 3887 rati
268 3823 410 3887 facinora
442 3823 611 3887 anarchiae
646 3833 795 3907 tempore
829 3825 1003 3888 commissa
1036 3823 1190 3888 oblivioni
1225 3824 1333 3887 danda
1366 3834 1466 3892 erant.

176 3934 242 4000 Nec
272 3955 336 3996 non
368 3945 418 3998 est
447 3935 617 3997 verisimile
647 3955 681 3998 re
713 3956 789 3998 vera
821 3934 881 3997 hac
905 3955 1003 3998 causa
1027 3933 1223 3998 amnestiam'
1242 3936 1361 3999 laesam
1385 3956 1466 4010 esse,

179 4044 259 4126 quia,
284 4053 319 4106 ut
335 4045 425 4108 Blass
449 4064 580 4128 quoque
604 4045 684 4112 1.1.Ι
704 4059 765 4126 557
789 4054 935 4120 annotat,
960 4045 1191 4128 suspicandum
1215 4055 1264 4109 est
1279 4047 1402 4110 iudices
1425 4047 1467 4109 ad
1513 4095 1524 4114 .

178 4153 260 4218 hunc
282 4154 475 4218 sceleratum
498 4154 666 4218 hominem
690 4155 982 4231 condemnandum,
1007 4158 1063 4239 qui
1086 4178 1191 4240 neque
1215 4157 1344 4220 urbanis
1361 4176 1466 4239 neque

179 4263 341 4332 exsulibus
364 4275 477 4346 gratus
500 4275 577 4341 erat,
605 4285 719 4329 omnes
743 4265 809 4328 sere
832 4286 955 4348 pronos
978 4265 1085 4332 fuisse.

281 4373 392 4456 Atque
426 4375 551 4440 etiamsi
574 4377 712 4440 dubitari
742 4377 825 4452 licet,
859 4397 936 4440 num
959 4377 1127 4462 Agoratus
1158 4379 1393 4442 condemnatus
1417 4377 1466 4451 sit,

177 4485 235 4549 hac
260 4484 373 4548 eadem
398 4484 543 4548 oratione
566 4488 784 4571 comperimus
806 4489 998 4553 amnestiam
1030 4489 1094 4564 iam
1123 4499 1219 4556 antea
1239 4489 1359 4556 laesam
1383 4507 1463 4566 esse,
