3402 5172
813 309 857 385 64

193 527 386 610 expositam,
412 525 515 591 altero
538 522 705 586 defensam
729 532 786 586 aut
809 521 959 586 affirmari
982 529 1039 584 aut
1054 529 1142 584 certe
1165 541 1230 586 non
1254 520 1392 601 infringi.
1431 520 1487 583 At-

193 657 256 718 que
279 637 326 700 eis
349 635 520 716 diligenter
544 633 741 714 perlustratis
766 643 799 696 et
822 632 956 714 singulis
979 632 1058 694 locis
1081 641 1169 694 recte
1196 630 1366 715 explicatis
1389 632 1490 694 etiam

192 748 298 829 magis
320 747 504 816 videbimus
527 765 575 818 ea,
600 764 685 828 quae
709 741 846 808 Grosser
869 743 910 804 de
933 743 1099 805 amnestiis
1128 742 1254 806 duabus
1286 742 1436 804 docuerit
1460 749 1493 804 et

192 857 242 922 his
265 878 396 942 quoque
419 854 620 920 orationibus
642 851 931 918 firmare'conatus
955 853 1004 926 sit,
1030 852 1136 916 refelli.

298 967 394 1047 826.
441 965 588 1046 Quarum
616 965 762 1034 omnium
794 965 898 1044 prima
928 963 1129 1044 respicienda
1159 971 1208 1026 est
1238 963 1357 1043 Lysiae
1387 963 1491 1026 oratio

192 1078 395 1150 duodecima,
421 1097 487 1159 qua
509 1075 759 1145 Eratosthenem
784 1075 1045 1155 tringintavirum
1062 1073 1277 1146 Polemarchi,
1303 1071 1407 1134 fratris
1429 1073 1487 1144 sui,
1565 1157 1568 1162 Ι

192 1188 305 1250 mortis
336 1195 475 1252 accusat.
526 1186 619 1249 Hanc
649 1185 734 1256 enirn
765 1205 897 1250 causam
933 1185 1078 1266 plerique
1110 1184 1168 1246 viri
1199 1183 1285 1246 docti
1317 1191 1434 1265 putant
1458 1201 1487 1244 a·

191 1298 333 1362 mnestia
362 1297 513 1378 neglecta
549 1305 655 1360 actam
697 1316 783 1367 esse,
820 1296 877 1358 sed
909 1295 1056 1357 oratione
1098 1294 1281 1357 examinata
1318 1303 1351 1356 et
1389 1293 1491 1373 perlu-

191 1417 292 1471 strata
322 1416 469 1492 apertum
505 1407 564 1470 erit
598 1405 718 1468 nullam
753 1406 782 1468 ei
817 1426 892 1468 cum
916 1405 1076 1468 amnestia
1100 1404 1299 1472 intercedere
1323 1404 1491 1468 rationem.

189 1518 317 1598 Quodsi
340 1519 480 1602 primum
503 1517 543 1580 de
567 1516 661 1578 huius
686 1517 841 1580 orationis
864 1527 1013 1600 ternpore
1037 1517 1231 1597 quaerimus
1266 1515 1348 1576 inter
1378 1533 1493 1577 omnes

191 1629 278 1696 viros
309 1628 427 1690 doctos
459 1647 543 1689 nunc
574 1636 703 1690 constat
733 1647 806 1690 eam
837 1626 986 1690 habitam
1018 1647 1089 1688 esse
1118 1626 1216 1708 paulo
1245 1634 1322 1707 post
1344 1623 1492 1686 exsulum

191 1739 340 1814 reditum,
366 1739 555 1820 priusquam
577 1738 703 1802 Eleusis
727 1746 981 1822 recuperaretur,
1012 1756 1087 1799 nam
1117 1737 1216 1804 etiam
1238 1732 1489 1806 Rauchenstein,

191 1849 245 1930 qui
269 1849 356 1922 olim,
381 1849 412 1915 in
439 1847 648 1929 ›Philologo‹
666 1849 705 1910 ·X
729 1868 759 1928 p.
790 1847 963 1927 590-607
987 1856 1020 1910 et
1044 1847 1076 1908 in
1098 1846 1174 1927 Lys.
1200 1865 1243 1908 or.
1267 1844 1321 1906 sel.
1349 1843 1492 1906 editione

191 1960 295 2032 tertia,
320 1967 396 2043 post
419 1958 538 2021 bellurn
562 1959 769 2021 Eleusinium
792 1956 917 2020 finitum
941 1966 974 2019 et
1001 1957 1193 2020 amnestiam
1224 1956 1387 2018 decretam
1420 1973 1492 2015 eam

191 2070 310 2152 posuit,
336 2069 366 2130 in
392 2069 588 2131 editionibus
610 2068 843 2147 posterioribus
865 2067 949 2129 hanc
965 2068 1160 2130 sententiam
1180 2066 1310 2130 missam
1334 2065 1419 2137 secit,
1445 2065 1496 2127 eis·

190 2179 327 2252 fortasse
350 2187 544 2250 commotus,
571 2197 654 2257 quae
677 2177 882 2258 Frohberger
906 2178 938 2240 in
960 2198 1033 2242 ann.
1060 2177 1134 2259 phil.
1160 2185 1193 2238 ct
1216 2175 1309 2258 paed.
1335 2172 1492 2237 LXXXII

190 2291 426 2369 pe408==410
448 2297 561 2350 contra
577 2307 652 2349 eum
675 2287 862 2367 disputavit.
912 2287 1012 2369 Quod
1026 2307 1100 2349 cum
1123 2288 1168 2349 ita
1182 2289 1232 2360 sit,
1259 2307 1301 2350 ex
1323 2287 1378 2360 eis,
1406 2306 1490 2366 quae

191 2401 232 2469 de
254 2399 415 2476 amnestia
438 2399 544 2481 docui,
568 2418 701 2462 necesse
725 2407 774 2460 est
796 2399 888 2478 sequi
914 2398 1107 2460 amnestiam
1131 2398 1297 2462 decretam
1322 2417 1393 2458 esse
1416 2405 1492 2480 post

191 2510 477 2581 hancorationem
508 2508 656 2572 habitam
686 2528 790 2593 eaque
819 2508 1039 2591 neque'laedi
1072 2528 1178 2588 neque
1208 2509 1342 2570 omnino
1374 2507 1489 2587 respici

190 2637 296 2704 posse.
344 2619 460 2699 Neque
483 2619 581 2681 ullum
605 2628 676 2681 tota
699 2619 847 2680 oratione
871 2618 1032 2680 invenitur
1054 2619 1234 2682 amnestiae
1258 2619 1357 2680 datae
1380 2616 1488 2680 indici·

191 2751 256 2804 um,
280 2731 312 2792 id
336 2731 426 2812 qupd
449 2728 677 2808 Frohbergero
701 2737 733 2790 et
758 2727 908 2790 Heckero
939 2738 1114 2808 tantopere
1136 2748 1326 2808 persuasum
1351 2736 1428 2800 erat,
1455 2736 1491 2788 ut

189 2839 281 2906 ille-l,
299 2839 325 2901 l.
352 2839 525 2922 praecipue
548 2837 612 2914 hoc
635 2847 830 2918 argumento
854 2849 969 2901 contra
999 2837 1308 2902 Rauchensteinium
1333 2847 1486 2910 uteretur,

185 2949 325 3018 hicnon
356 2948 524 3037 minimum
555 2946 618 3010 hoc
648 2957 843 3026 argumento
866 2960 1052 3012 commotus
1075 2943 1219 3012 libellum
1242 2949 1398 3010 scriberet
1426 2947 1486 3010 »de

189 3060 336 3132 oratione
352 3060 384 3121 in
400 3057 653 3122 Eratosthenem
668 3057 786 3138 Lysiae
810 3057 825 3119 f
830 3059 920 3121 also
944 3061 1084 3123 tributar
1104 3079 1212 3142 progr.
1237 3058 1356 3140 Gymn.
1381 3056 1487 3138 Lugd.

193 3171 285 3250 1848.
332 3168 547 3242 Nihilominus
570 3166 715 3240 Grosser,
739 3188 838 3250 quem
861 3179 1004 3233 statuere
1027 3177 1159 3248 oportet
1181 3169 1374 3230 amnestiam
1397 3186 1490 3229 suam

188 3279 328 3362 priorem
358 3288 391 3350 et
425 3278 623 3359 graviorem,
651 3289 827 3358 antequam
858 3279 940 3342 haec
972 3280 1077 3342 oratio
1106 3279 1290 3350 haberetur,
1326 3278 1491 3340 decretam

188 3410 259 3452 esse
283 3399 322 3452 et.
339 3389 543 3482 iureiurando
568 3398 724 3461 sanctam,
749 3389 933 3473 complures
964 3389 1120 3451 orationis
1147 3389 1237 3452 locos
1269 3388 1329 3449 sibi
1363 3387 1491 3450 videtur

187 3500 346 3574 invenisse
370 3500 562 3582 amnestiam
588 3499 797 3581 respicientes
821 3509 854 3561 et
876 3519 968 3561 suam
990 3501 1185 3561 sententiam
1209 3498 1419 3571 affirmantes
1444 3498 1485 3559 ul·

186 3609 255 3672 lum
277 3620 376 3688 negat
400 3616 539 3678 exstare,
565 3609 621 3690 qui
644 3610 673 3671 ei
698 3608 904 3691 obloquatur,
936 3630 1020 3693 quos
1051 3629 1165 3678 omnes
1198 3610 1426 3690 interpretatur
1459 3609 1491 3670 in

186 3718 261 3781 diss.
286 3738 317 3798 p,
336 3735 476 3796 24-32.
526 3716 591 3786 Sed
615 3739 680 3782 non
704 3717 832 3781 difficile
852 3729 903 3780 est
925 3720 968 3781 ad
994 3719 1286 3783 demonstrandum
1311 3738 1387 3780 eum
1409 3718 1491 3780 hanc

162 3866 166 3875 .
188 3831 369 3894 orationem
392 3848 457 3892 non
479 3848 572 3890 secus
594 3830 782 3892 tractavisse
806 3827 845 3891 a'c
860 3839 987 3898 ceteros
1003 3829 1120 3908 sontes,
1146 3850 1252 3913 neque
1275 3829 1361 3891 enim
1378 3829 1420 3892 ad
1440 3849 1490 3898 ea,

186 3961 271 4022 quae
286 3948 423 4014 exstant,
436 3939 629 4001 sententiam
641 3959 734 4002 suam
746 3938 1016 4014 accommodavit,
1029 3939 1089 4002 sed
1104 3939 1282 4003 secundum
1296 3938 1491 4002 sententiam

186 4069 278 4126 suam
288 4097 292 4113 ,
301 4059 377 4124 ante
400 4047 515 4116 fictam.
534 4048 618 4112 hanc
642 4069 774 4130 quoque
798 4049 982 4112 orationem
1008 4049 1237 4132 interpretatus
1260 4058 1318 4110 est.

292 4156 501 4238 Amnestiam
530 4159 704 4221 arbitratur
734 4159 848 4241 respici
880 4158 912 4220 in
945 4161 986 4239 ἓξ
1019 4174 1069 4238 79,
1101 4161 1152 4232 80,
1185 4160 1236 4236 87,
1270 4161 1321 4231 88,
1353 4174 1406 4238 92,
1438 4171 1491 4237 95.

184 4272 223 4334 In
237 4271 283 4355 §fi
308 4285 354 4351 793
372 4279 405 4332 et
424 4272 472 4332 80
494 4269 571 4333 nihil
586 4278 655 4344 est,
681 4268 773 4352 quod
791 4269 999 4331 'amnestiam
1029 4269 1133 4351 possit
1164 4277 1323 4350 spectare.
1371 4268 1494 4342 Multos
1562 4265 1568 4276 '

186 4382 308 4454 iudices
318 4423 322 4438 1-
332 4379 583 4454 Eratosthenem
607 4379 776 4447 absolvere
807 4379 968 4461 cupivisse
1001 4379 1098 4440 etiam
1131 4377 1201 4441 aliis
1231 4378 1385 4441 orationis
1413 4377 1493 4440 locis
1531 4399 1534 4404 ·

185 4499 322 4562 constat,
336 4509 442 4571 neque
454 4509 532 4554 vero
545 4488 892 4575 propter-amnestiam
904 4488 1018 4551 datam
1028 4489 1229 4571 cupiverunt,
1243 4488 1301 4551 sed
1310 4497 1491 4573 propterea,
