<?xml version="1.0" encoding="UTF-8"?>
<!DOCTYPE html PUBLIC "-//W3C//DTD XHTML 1.0 Transitional//EN"
    "http://www.w3.org/TR/xhtml1/DTD/xhtml1-transitional.dtd">
<html xmlns="http://www.w3.org/1999/xhtml" xml:lang="en" lang="en">
 <head>
  <title>
</title>
<meta http-equiv="Content-Type" content="text/html;charset=utf-8" />
  <meta name='ocr-system' content='tesseract 3.04.00' />
  <meta name='ocr-capabilities' content='ocr_page ocr_carea ocr_par ocr_line ocrx_word'/>
</head>
<body>
  <div class='ocr_page' id='page_1' title='image "./deamnestiaannoc00luebgoog_0053.png"; bbox 0 0 3402 5172; ppageno 0'>
   <div class='ocr_carea' id='block_1_1' title="bbox 827 311 870 386">
    <p class='ocr_par' dir='ltr' id='par_1_1' title="bbox 827 311 870 386">
     <span class='ocr_line' id='line_1_1' title="bbox 827 311 870 386; baseline 0 0"><span class='ocrx_word' id='word_1_1' title='bbox 827 311 870 386; x_wconf 69' lang='lat' dir='ltr'><strong>4ss</strong></span> 
     </span>
    </p>
   </div>
   <div class='ocr_carea' id='block_1_2' title="bbox 746 401 958 410">
    <p class='ocr_par' dir='ltr' id='par_1_2' title="bbox 746 401 958 410">
     <span class='ocr_line' id='line_1_2' title="bbox 746 401 958 410; baseline 0.009 -4"><span class='ocrx_word' id='word_1_2' title='bbox 746 401 958 410; x_wconf 43' lang='grc' dir='ltr'><strong>--μ-ᾳ--ο</strong></span> 
     </span>
    </p>
   </div>
   <div class='ocr_carea' id='block_1_3' title="bbox 129 519 1527 4582">
    <p class='ocr_par' dir='ltr' id='par_1_3' title="bbox 129 519 1505 1377">
     <span class='ocr_line' id='line_1_3' title="bbox 205 519 1503 602; baseline 0.003 -22"><span class='ocrx_word' id='word_1_3' title='bbox 205 519 381 592; x_wconf 80' lang='lat' dir='ltr'><strong>intellectis,</strong></span> <span class='ocrx_word' id='word_1_4' title='bbox 407 522 464 584; x_wconf 89' lang='lat' dir='ltr'><strong>nisi</strong></span> <span class='ocrx_word' id='word_1_5' title='bbox 492 521 573 583; x_wconf 85' lang='lat' dir='ltr'><strong>forte</strong></span> <span class='ocrx_word' id='word_1_6' title='bbox 597 521 649 582; x_wconf 89' lang='lat' dir='ltr'><strong>hic</strong></span> <span class='ocrx_word' id='word_1_7' title='bbox 673 521 741 602; x_wconf 87' lang='lat' dir='ltr'><strong>ipse</strong></span> <span class='ocrx_word' id='word_1_8' title='bbox 767 522 833 583; x_wconf 88' lang='lat' dir='ltr'><strong>iam</strong></span> <span class='ocrx_word' id='word_1_9' title='bbox 857 521 1024 602; x_wconf 81' lang='lat' dir='ltr'><strong>obscurius</strong></span> <span class='ocrx_word' id='word_1_10' title='bbox 1050 529 1244 593; x_wconf 84' lang='lat' dir='ltr'>narraverat,</span> <span class='ocrx_word' id='word_1_11' title='bbox 1269 541 1384 584; x_wconf 91' lang='lat' dir='ltr'><strong>omnes</strong></span> <span class='ocrx_word' id='word_1_12' title='bbox 1408 523 1503 585; x_wconf 90' lang='lat' dir='ltr'><strong>inter-</strong></span> 
     </span>
     <span class='ocr_line' id='line_1_4' title="bbox 206 630 1505 713; baseline 0.003 -22"><span class='ocrx_word' id='word_1_13' title='bbox 206 630 307 692; x_wconf 86' lang='lat' dir='ltr'><strong>lectos</strong></span> <span class='ocrx_word' id='word_1_14' title='bbox 330 651 401 694; x_wconf 90' lang='lat' dir='ltr'><strong>esse</strong></span> <span class='ocrx_word' id='word_1_15' title='bbox 417 631 589 713; x_wconf 89' lang='lat' dir='ltr'><strong>putaverit.</strong></span> <span class='ocrx_word' id='word_1_16' title='bbox 633 630 749 692; x_wconf 89' lang='lat' dir='ltr'><strong>Melius</strong></span> <span class='ocrx_word' id='word_1_17' title='bbox 764 640 874 694; x_wconf 84' lang='lat' dir='ltr'><strong>autem</strong></span> <span class='ocrx_word' id='word_1_18' title='bbox 893 632 1070 692; x_wconf 89' lang='lat' dir='ltr'><strong>secundum</strong></span> <span class='ocrx_word' id='word_1_19' title='bbox 1090 651 1196 693; x_wconf 88' lang='lat' dir='ltr'><strong>meam</strong></span> <span class='ocrx_word' id='word_1_20' title='bbox 1213 653 1310 713; x_wconf 91' lang='lat' dir='ltr'><strong>quam</strong></span> <span class='ocrx_word' id='word_1_21' title='bbox 1324 634 1505 695; x_wconf 90' lang='lat' dir='ltr'><strong>secundum</strong></span> 
     </span>
     <span class='ocr_line' id='line_1_5' title="bbox 129 738 1504 824; baseline 0.005 -23"><span class='ocrx_word' id='word_1_22' title='bbox 129 807 134 816; x_wconf 33' lang='lat'><strong>¹</strong></span> <span class='ocrx_word' id='word_1_23' title='bbox 205 738 351 803; x_wconf 87' lang='lat' dir='ltr'><strong>Grosseri</strong></span> <span class='ocrx_word' id='word_1_24' title='bbox 388 741 582 816; x_wconf 77' lang='lat' dir='ltr'>sententiam</span> <span class='ocrx_word' id='word_1_25' title='bbox 618 740 856 821; x_wconf 80' lang='lat' dir='ltr'><strong>Intelleguntur.</strong></span> <span class='ocrx_word' id='word_1_26' title='bbox 888 761 970 822; x_wconf 88' lang='lat' dir='ltr'><strong>quae</strong></span> <span class='ocrx_word' id='word_1_27' title='bbox 1010 741 1166 803; x_wconf 89' lang='lat' dir='ltr'><strong>Isocrates</strong></span> <span class='ocrx_word' id='word_1_28' title='bbox 1203 741 1264 804; x_wconf 96' lang='lat' dir='ltr'><strong>Vll</strong></span> <span class='ocrx_word' id='word_1_29' title='bbox 1300 743 1341 824; x_wconf 89' lang='lat'><strong>67</strong></span> <span class='ocrx_word' id='word_1_30' title='bbox 1378 751 1504 810; x_wconf 87' lang='lat' dir='ltr'><strong>narrat:</strong></span> 
     </span>
     <span class='ocr_line' id='line_1_6' title="bbox 207 847 1505 935; baseline 0.002 -21"><span class='ocrx_word' id='word_1_31' title='bbox 207 847 346 926; x_wconf 75' lang='grc' dir='ltr'><strong>»αὐτοὺς</strong></span> <span class='ocrx_word' id='word_1_32' title='bbox 368 851 446 926; x_wconf 80' lang='grc' dir='ltr'><strong>τοὺς</strong></span> <span class='ocrx_word' id='word_1_33' title='bbox 469 849 688 926; x_wconf 76' lang='grc' dir='ltr'><strong><em>αἰτιωτάτους</em></strong></span> <span class='ocrx_word' id='word_1_34' title='bbox 716 858 784 917; x_wconf 91' lang='grc' dir='ltr'><strong>τῶν</strong></span> <span class='ocrx_word' id='word_1_35' title='bbox 816 857 929 915; x_wconf 93' lang='grc' dir='ltr'><strong><em>κακῶν</em></strong></span> <span class='ocrx_word' id='word_1_36' title='bbox 961 848 1171 927; x_wconf 71' lang='grc' dir='ltr'><strong>ἀνελόντιςι,</strong></span> <span class='ocrx_word' id='word_1_37' title='bbox 1206 872 1280 915; x_wconf 89' lang='lat' dir='ltr'><strong>nam</strong></span> <span class='ocrx_word' id='word_1_38' title='bbox 1299 853 1505 935; x_wconf 79' lang='lat' dir='ltr'><strong>superlatiVo</strong></span> 
     </span>
     <span class='ocr_line' id='line_1_7' title="bbox 204 945 1501 1044; baseline 0.003 -22"><span class='ocrx_word' id='word_1_39' title='bbox 204 961 441 1024; x_wconf 79' lang='lat' dir='ltr'><strong>crudelisSImos</strong></span> <span class='ocrx_word' id='word_1_40' title='bbox 476 972 508 1025; x_wconf 92' lang='lat' dir='ltr'><strong>et</strong></span> <span class='ocrx_word' id='word_1_41' title='bbox 542 945 703 1044; x_wconf 73' lang='lat' dir='ltr'><strong>principes</strong></span> <span class='ocrx_word' id='word_1_42' title='bbox 734 984 848 1026; x_wconf 88' lang='lat' dir='ltr'><strong>eorum</strong></span> <span class='ocrx_word' id='word_1_43' title='bbox 880 971 1063 1026; x_wconf 88' lang='lat' dir='ltr'><strong>monstrare</strong></span> <span class='ocrx_word' id='word_1_44' title='bbox 1097 963 1244 1038; x_wconf 89' lang='lat' dir='ltr'><strong>videtur,</strong></span> <span class='ocrx_word' id='word_1_45' title='bbox 1281 984 1355 1025; x_wconf 91' lang='lat' dir='ltr'><strong>cum</strong></span> <span class='ocrx_word' id='word_1_46' title='bbox 1386 985 1501 1026; x_wconf 91' lang='lat' dir='ltr'><strong>omnes</strong></span> 
     </span>
     <span class='ocr_line' id='line_1_8' title="bbox 204 1070 1504 1155; baseline 0.003 -22"><span class='ocrx_word' id='word_1_47' title='bbox 204 1071 316 1134; x_wconf 85' lang='lat' dir='ltr'><strong>melius</strong></span> <span class='ocrx_word' id='word_1_48' title='bbox 339 1073 480 1154; x_wconf 91' lang='lat' dir='ltr'><strong>positivo</strong></span> <span class='ocrx_word' id='word_1_49' title='bbox 504 1073 711 1134; x_wconf 87' lang='lat' dir='ltr'><strong>nominentur</strong></span> <span class='ocrx_word' id='word_1_50' title='bbox 732 1080 803 1137; x_wconf 90' lang='grc' dir='ltr'><strong>τῶν</strong></span> <span class='ocrx_word' id='word_1_51' title='bbox 827 1079 940 1137; x_wconf 81' lang='grc' dir='ltr'><strong><em>κακῶν</em></strong></span> <span class='ocrx_word' id='word_1_52' title='bbox 963 1070 1069 1146; x_wconf 74' lang='grc' dir='ltr'><strong><em>αἴτιοι,</em></strong></span> <span class='ocrx_word' id='word_1_53' title='bbox 1094 1082 1129 1135; x_wconf 88' lang='lat' dir='ltr'><strong>ut</strong></span> <span class='ocrx_word' id='word_1_54' title='bbox 1150 1073 1264 1155; x_wconf 85' lang='lat' dir='ltr'><strong>Lysias</strong></span> <span class='ocrx_word' id='word_1_55' title='bbox 1287 1074 1347 1136; x_wconf 87' lang='lat' dir='ltr'><strong>XII</strong></span> <span class='ocrx_word' id='word_1_56' title='bbox 1367 1078 1406 1153; x_wconf 89' lang='lat'><strong>85</strong></span> <span class='ocrx_word' id='word_1_57' title='bbox 1426 1075 1504 1137; x_wconf 86' lang='lat' dir='ltr'><strong>dicit</strong></span> 
     </span>
     <span class='ocr_line' id='line_1_9' title="bbox 209 1173 1499 1268; baseline 0.002 -22"><span class='ocrx_word' id='word_1_58' title='bbox 209 1181 303 1257; x_wconf 71' lang='lat' dir='ltr'><strong>»code</strong></span> <span class='ocrx_word' id='word_1_59' title='bbox 326 1173 488 1266; x_wconf 74' lang='grc' dir='ltr'><strong><em>με’γίστοιν</em></strong></span> <span class='ocrx_word' id='word_1_60' title='bbox 509 1189 622 1246; x_wconf 90' lang='grc' dir='ltr'><strong><em>κακῶν</em></strong></span> <span class='ocrx_word' id='word_1_61' title='bbox 645 1180 787 1257; x_wconf 73' lang='grc' dir='ltr'><strong>αἰτίους(</strong></span> <span class='ocrx_word' id='word_1_62' title='bbox 813 1193 845 1245; x_wconf 91' lang='lat' dir='ltr'><strong>et</strong></span> <span class='ocrx_word' id='word_1_63' title='bbox 868 1183 1056 1245; x_wconf 83' lang='lat' dir='ltr'><strong>Andocides</strong></span> <span class='ocrx_word' id='word_1_64' title='bbox 1079 1184 1092 1245; x_wconf 89' lang='grc' dir='ltr'>Ι</span> <span class='ocrx_word' id='word_1_65' title='bbox 1114 1199 1174 1263; x_wconf 87' lang='lat'><strong>90:</strong></span> <span class='ocrx_word' id='word_1_66' title='bbox 1208 1197 1294 1259; x_wconf 80' lang='grc' dir='ltr'><strong><em>»τοῖς</em></strong></span> <span class='ocrx_word' id='word_1_67' title='bbox 1317 1185 1499 1268; x_wconf 75' lang='grc' dir='ltr'><strong><em>τριάκοντα</em></strong></span> 
     </span>
     <span class='ocr_line' id='line_1_10' title="bbox 204 1292 880 1377; baseline -0.004 -18"><span class='ocrx_word' id='word_1_68' title='bbox 204 1311 299 1360; x_wconf 76' lang='grc'><strong>..;..</strong></span> <span class='ocrx_word' id='word_1_69' title='bbox 322 1307 391 1367; x_wconf 79' lang='grc' dir='ltr'><strong>τοῖς</strong></span> <span class='ocrx_word' id='word_1_70' title='bbox 412 1295 575 1377; x_wconf 75' lang='grc' dir='ltr'><strong>μεγίστων</strong></span> <span class='ocrx_word' id='word_1_71' title='bbox 598 1301 712 1356; x_wconf 89' lang='grc' dir='ltr'><strong><em>κακῶν</em></strong></span> <span class='ocrx_word' id='word_1_72' title='bbox 735 1292 880 1368; x_wconf 67' lang='lat' dir='ltr'><strong>uictore«.</strong></span> 
     </span>
    </p>

    <p class='ocr_par' dir='ltr' id='par_1_4' title="bbox 201 1404 1527 2927">
     <span class='ocr_line' id='line_1_11' title="bbox 308 1404 1494 1488; baseline 0.004 -23"><span class='ocrx_word' id='word_1_73' title='bbox 308 1405 381 1466; x_wconf 91' lang='lat' dir='ltr'><strong>Non</strong></span> <span class='ocrx_word' id='word_1_74' title='bbox 411 1425 488 1466; x_wconf 88' lang='lat' dir='ltr'><strong>vero</strong></span> <span class='ocrx_word' id='word_1_75' title='bbox 519 1414 679 1486; x_wconf 79' lang='lat' dir='ltr'><strong>repugnat</strong></span> <span class='ocrx_word' id='word_1_76' title='bbox 710 1404 791 1467; x_wconf 89' lang='lat' dir='ltr'><strong>haec</strong></span> <span class='ocrx_word' id='word_1_77' title='bbox 821 1409 982 1468; x_wconf 91' lang='lat' dir='ltr'><strong>sententia</strong></span> <span class='ocrx_word' id='word_1_78' title='bbox 1013 1407 1067 1480; x_wconf 70' lang='lat' dir='ltr'><strong>eis</strong></span> <span class='ocrx_word' id='word_1_79' title='bbox 1091 1426 1175 1486; x_wconf 89' lang='lat' dir='ltr'><strong>quae</strong></span> <span class='ocrx_word' id='word_1_80' title='bbox 1198 1406 1386 1488; x_wconf 91' lang='lat' dir='ltr'><strong>Xenophon</strong></span> <span class='ocrx_word' id='word_1_81' title='bbox 1408 1407 1494 1470; x_wconf 90' lang='lat' dir='ltr'><strong>dicit.</strong></span> 
     </span>
     <span class='ocr_line' id='line_1_12' title="bbox 203 1507 1504 1600; baseline 0.002 -24"><span class='ocrx_word' id='word_1_82' title='bbox 203 1514 410 1597; x_wconf 84' lang='lat' dir='ltr'><strong>Quamquam</strong></span> <span class='ocrx_word' id='word_1_83' title='bbox 432 1513 531 1590; x_wconf 73' lang='lat' dir='ltr'><strong>»rode</strong></span> <span class='ocrx_word' id='word_1_84' title='bbox 545 1514 608 1600; x_wconf 79' lang='grc' dir='ltr'><strong>μὲνΙ</strong></span> <span class='ocrx_word' id='word_1_85' title='bbox 629 1517 848 1599; x_wconf 73' lang='grc' dir='ltr'><strong>οτρατηγούςι</strong></span> <span class='ocrx_word' id='word_1_86' title='bbox 868 1524 900 1577; x_wconf 89' lang='lat' dir='ltr'><strong>et</strong></span> <span class='ocrx_word' id='word_1_87' title='bbox 919 1527 1005 1594; x_wconf 67' lang='lat' dir='ltr'><strong>&gt;colu</strong></span> <span class='ocrx_word' id='word_1_88' title='bbox 1021 1515 1053 1581; x_wconf 80' lang='grc' dir='ltr'><strong>δὲ</strong></span> <span class='ocrx_word' id='word_1_89' title='bbox 1068 1507 1196 1590; x_wconf 65' lang='grc' dir='ltr'><strong><em>ἄλλοις(</em></strong></span> <span class='ocrx_word' id='word_1_90' title='bbox 1215 1516 1375 1588; x_wconf 82' lang='lat' dir='ltr'><strong>discernit,</strong></span> <span class='ocrx_word' id='word_1_91' title='bbox 1393 1527 1504 1580; x_wconf 89' lang='lat' dir='ltr'><strong>tamen</strong></span> 
     </span>
     <span class='ocr_line' id='line_1_13' title="bbox 206 1625 1499 1709; baseline 0.003 -23"><span class='ocrx_word' id='word_1_92' title='bbox 206 1646 247 1686; x_wconf 88' lang='lat' dir='ltr'><strong>ex</strong></span> <span class='ocrx_word' id='word_1_93' title='bbox 271 1625 320 1686; x_wconf 93' lang='lat' dir='ltr'><strong>his</strong></span> <span class='ocrx_word' id='word_1_94' title='bbox 343 1625 449 1687; x_wconf 87' lang='lat' dir='ltr'><strong>verbis</strong></span> <span class='ocrx_word' id='word_1_95' title='bbox 471 1646 535 1686; x_wconf 91' lang='lat' dir='ltr'><strong>non</strong></span> <span class='ocrx_word' id='word_1_96' title='bbox 559 1625 741 1688; x_wconf 85' lang='lat' dir='ltr'><strong>necessarie</strong></span> <span class='ocrx_word' id='word_1_97' title='bbox 763 1625 966 1688; x_wconf 85' lang='lat' dir='ltr'><strong>concluditur</strong></span> <span class='ocrx_word' id='word_1_98' title='bbox 989 1628 1141 1689; x_wconf 90' lang='lat' dir='ltr'><strong>omnibus</strong></span> <span class='ocrx_word' id='word_1_99' title='bbox 1171 1628 1286 1689; x_wconf 90' lang='lat' dir='ltr'><strong>ceteris</strong></span> <span class='ocrx_word' id='word_1_100' title='bbox 1310 1648 1499 1709; x_wconf 90' lang='lat' dir='ltr'><strong>persuasum</strong></span> 
     </span>
     <span class='ocr_line' id='line_1_14' title="bbox 201 1735 1500 1819; baseline 0.002 -21"><span class='ocrx_word' id='word_1_101' title='bbox 201 1735 281 1808; x_wconf 84' lang='lat' dir='ltr'><strong>esse,</strong></span> <span class='ocrx_word' id='word_1_102' title='bbox 313 1745 348 1798; x_wconf 91' lang='lat' dir='ltr'><strong>ut</strong></span> <span class='ocrx_word' id='word_1_103' title='bbox 383 1736 415 1796; x_wconf 92' lang='lat' dir='ltr'><strong>in</strong></span> <span class='ocrx_word' id='word_1_104' title='bbox 439 1736 552 1797; x_wconf 87' lang='lat' dir='ltr'><strong>urbem</strong></span> <span class='ocrx_word' id='word_1_105' title='bbox 577 1744 824 1798; x_wconf 88' lang='lat' dir='ltr'><strong>reverterentur.</strong></span> <span class='ocrx_word' id='word_1_106' title='bbox 874 1737 1037 1816; x_wconf 80' lang='lat' dir='ltr'><strong>Quoniam</strong></span> <span class='ocrx_word' id='word_1_107' title='bbox 1061 1758 1192 1819; x_wconf 89' lang='lat' dir='ltr'><strong>semper</strong></span> <span class='ocrx_word' id='word_1_108' title='bbox 1216 1739 1358 1800; x_wconf 89' lang='lat' dir='ltr'><strong>breviter</strong></span> <span class='ocrx_word' id='word_1_109' title='bbox 1382 1749 1500 1813; x_wconf 85' lang='lat' dir='ltr'><strong>narrat,</strong></span> 
     </span>
     <span class='ocr_line' id='line_1_15' title="bbox 203 1823 1500 1929; baseline 0.001 -21"><span class='ocrx_word' id='word_1_110' title='bbox 203 1823 298 1908; x_wconf 87' lang='lat' dir='ltr'><strong>etiam</strong></span> <span class='ocrx_word' id='word_1_111' title='bbox 322 1845 385 1908; x_wconf 90' lang='lat' dir='ltr'><strong>hoc</strong></span> <span class='ocrx_word' id='word_1_112' title='bbox 408 1845 480 1908; x_wconf 90' lang='lat' dir='ltr'><strong>loco</strong></span> <span class='ocrx_word' id='word_1_113' title='bbox 504 1847 655 1910; x_wconf 89' lang='lat' dir='ltr'><strong>omittere</strong></span> <span class='ocrx_word' id='word_1_114' title='bbox 670 1847 778 1928; x_wconf 89' lang='lat' dir='ltr'><strong>potuit</strong></span> <span class='ocrx_word' id='word_1_115' title='bbox 793 1867 975 1929; x_wconf 89' lang='lat' dir='ltr'><strong>perpaucos</strong></span> <span class='ocrx_word' id='word_1_116' title='bbox 992 1849 1151 1911; x_wconf 88' lang='lat' dir='ltr'><strong>tamenin</strong></span> <span class='ocrx_word' id='word_1_117' title='bbox 1168 1849 1280 1911; x_wconf 92' lang='lat' dir='ltr'><strong>urbem</strong></span> <span class='ocrx_word' id='word_1_118' title='bbox 1299 1869 1364 1910; x_wconf 90' lang='lat' dir='ltr'><strong>non</strong></span> <span class='ocrx_word' id='word_1_119' title='bbox 1380 1849 1500 1910; x_wconf 89' lang='lat' dir='ltr'><strong>redisse</strong></span> 
     </span>
     <span class='ocr_line' id='line_1_16' title="bbox 202 1956 1500 2041; baseline 0.001 -22"><span class='ocrx_word' id='word_1_120' title='bbox 202 1965 258 2019; x_wconf 86' lang='lat' dir='ltr'><strong>aut</strong></span> <span class='ocrx_word' id='word_1_121' title='bbox 288 1976 354 2018; x_wconf 92' lang='lat' dir='ltr'><strong>non</strong></span> <span class='ocrx_word' id='word_1_122' title='bbox 379 1967 528 2038; x_wconf 89' lang='lat' dir='ltr'><strong>receptus</strong></span> <span class='ocrx_word' id='word_1_123' title='bbox 552 1977 633 2019; x_wconf 88' lang='lat' dir='ltr'><strong>esse.</strong></span> <span class='ocrx_word' id='word_1_124' title='bbox 681 1956 824 2020; x_wconf 88' lang='lat' dir='ltr'><strong>Omnino</strong></span> <span class='ocrx_word' id='word_1_125' title='bbox 846 1977 910 2020; x_wconf 92' lang='lat' dir='ltr'><strong>non</strong></span> <span class='ocrx_word' id='word_1_126' title='bbox 935 1979 1058 2033; x_wconf 87' lang='lat' dir='ltr'><strong>omnes,</strong></span> <span class='ocrx_word' id='word_1_127' title='bbox 1084 1960 1139 2040; x_wconf 94' lang='lat' dir='ltr'><strong>qui</strong></span> <span class='ocrx_word' id='word_1_128' title='bbox 1163 1969 1373 2040; x_wconf 89' lang='lat' dir='ltr'><strong>tyrannorum</strong></span> <span class='ocrx_word' id='word_1_129' title='bbox 1398 1959 1500 2041; x_wconf 87' lang='lat' dir='ltr'><strong>partis</strong></span> 
     </span>
     <span class='ocr_line' id='line_1_17' title="bbox 201 2065 1498 2152; baseline 0.002 -24"><span class='ocrx_word' id='word_1_130' title='bbox 201 2066 335 2140; x_wconf 84' lang='lat' dir='ltr'><strong>lucrant,</strong></span> <span class='ocrx_word' id='word_1_131' title='bbox 368 2069 489 2130; x_wconf 91' lang='lat' dir='ltr'><strong>redisse</strong></span> <span class='ocrx_word' id='word_1_132' title='bbox 513 2067 656 2129; x_wconf 88' lang='lat' dir='ltr'><strong>ostendit</strong></span> <span class='ocrx_word' id='word_1_133' title='bbox 680 2065 829 2129; x_wconf 86' lang='lat' dir='ltr'><strong>Batrachi</strong></span> <span class='ocrx_word' id='word_1_134' title='bbox 853 2068 1050 2151; x_wconf 85' lang='lat' dir='ltr'><strong>exemplum,</strong></span> <span class='ocrx_word' id='word_1_135' title='bbox 1077 2070 1165 2150; x_wconf 88' lang='lat' dir='ltr'><strong>quod</strong></span> <span class='ocrx_word' id='word_1_136' title='bbox 1182 2071 1271 2152; x_wconf 90' lang='lat' dir='ltr'><strong>apud</strong></span> <span class='ocrx_word' id='word_1_137' title='bbox 1287 2069 1363 2151; x_wconf 83' lang='lat' dir='ltr'><strong>Lys</strong></span> <span class='ocrx_word' id='word_1_138' title='bbox 1388 2070 1434 2131; x_wconf 92' lang='lat' dir='ltr'><strong>Vl</strong></span> <span class='ocrx_word' id='word_1_139' title='bbox 1456 2082 1498 2149; x_wconf 80' lang='grc'><strong>45</strong></span> 
     </span>
     <span class='ocr_line' id='line_1_18' title="bbox 201 2166 1500 2244; baseline 0.003 -6"><span class='ocrx_word' id='word_1_140' title='bbox 201 2179 346 2244; x_wconf 81' lang='lat' dir='ltr'><strong>traditur.</strong></span> <span class='ocrx_word' id='word_1_141' title='bbox 376 2179 442 2241; x_wconf 89' lang='lat' dir='ltr'><strong>&#39;Ne</strong></span> <span class='ocrx_word' id='word_1_142' title='bbox 464 2198 542 2239; x_wconf 91' lang='lat' dir='ltr'><strong>vero</strong></span> <span class='ocrx_word' id='word_1_143' title='bbox 565 2175 641 2239; x_wconf 93' lang='lat' dir='ltr'><strong>mihi</strong></span> <span class='ocrx_word' id='word_1_144' title='bbox 666 2177 798 2240; x_wconf 90' lang='lat' dir='ltr'><strong>obiicias</strong></span> <span class='ocrx_word' id='word_1_145' title='bbox 822 2177 972 2241; x_wconf 88' lang='lat' dir='ltr'><strong>Eleusine</strong></span> <span class='ocrx_word' id='word_1_146' title='bbox 996 2200 1037 2242; x_wconf 89' lang='lat' dir='ltr'><strong>ex</strong></span> <span class='ocrx_word' id='word_1_147' title='bbox 1061 2180 1141 2243; x_wconf 89' lang='lat' dir='ltr'><strong>urbe</strong></span> <span class='ocrx_word' id='word_1_148' title='bbox 1170 2180 1306 2242; x_wconf 88' lang='lat' dir='ltr'><strong>obsessa</strong></span> <span class='ocrx_word' id='word_1_149' title='bbox 1337 2166 1500 2242; x_wconf 89' lang='lat' dir='ltr'><strong>nemiuem</strong></span> 
     </span>
     <span class='ocr_line' id='line_1_19' title="bbox 202 2287 1498 2372; baseline 0.002 -22"><span class='ocrx_word' id='word_1_150' title='bbox 202 2287 343 2370; x_wconf 79' lang='lat' dir='ltr'><strong>effugere</strong></span> <span class='ocrx_word' id='word_1_151' title='bbox 377 2288 532 2370; x_wconf 86' lang='lat' dir='ltr'><strong>potuisse,</strong></span> <span class='ocrx_word' id='word_1_152' title='bbox 570 2287 788 2351; x_wconf 84' lang='lat' dir='ltr'><strong>Athenienses</strong></span> <span class='ocrx_word' id='word_1_153' title='bbox 817 2300 903 2352; x_wconf 86' lang='lat' dir='ltr'><strong>certe</strong></span> <span class='ocrx_word' id='word_1_154' title='bbox 933 2292 1096 2354; x_wconf 91' lang='lat' dir='ltr'><strong>neminem</strong></span> <span class='ocrx_word' id='word_1_155' title='bbox 1130 2290 1264 2352; x_wconf 90' lang='lat' dir='ltr'><strong>invitum</strong></span> <span class='ocrx_word' id='word_1_156' title='bbox 1297 2291 1328 2351; x_wconf 92' lang='lat' dir='ltr'><strong>in</strong></span> <span class='ocrx_word' id='word_1_157' title='bbox 1361 2291 1498 2372; x_wconf 87' lang='lat' dir='ltr'><strong>patriam</strong></span> 
     </span>
     <span class='ocr_line' id='line_1_20' title="bbox 201 2398 1498 2484; baseline 0.002 -24"><span class='ocrx_word' id='word_1_158' title='bbox 201 2400 305 2461; x_wconf 89' lang='lat' dir='ltr'><strong>redire</strong></span> <span class='ocrx_word' id='word_1_159' title='bbox 336 2405 523 2478; x_wconf 72' lang='lat' dir='ltr'><strong>coegerunt,</strong></span> <span class='ocrx_word' id='word_1_160' title='bbox 549 2398 607 2460; x_wconf 91' lang='lat' dir='ltr'><strong>sed</strong></span> <span class='ocrx_word' id='word_1_161' title='bbox 630 2399 765 2461; x_wconf 87' lang='lat' dir='ltr'><strong>libenter</strong></span> <span class='ocrx_word' id='word_1_162' title='bbox 787 2400 961 2484; x_wconf 83' lang='lat' dir='ltr'><strong>effugiendi</strong></span> <span class='ocrx_word' id='word_1_163' title='bbox 986 2401 1172 2464; x_wconf 83' lang='lat' dir='ltr'><strong>facultatem</strong></span> <span class='ocrx_word' id='word_1_164' title='bbox 1197 2401 1365 2474; x_wconf 89' lang='lat' dir='ltr'><strong>dederunt,</strong></span> <span class='ocrx_word' id='word_1_165' title='bbox 1392 2421 1498 2483; x_wconf 90' lang='lat' dir='ltr'><strong>neque</strong></span> 
     </span>
     <span class='ocr_line' id='line_1_21' title="bbox 202 2503 1497 2593; baseline 0.002 -23"><span class='ocrx_word' id='word_1_166' title='bbox 202 2509 338 2571; x_wconf 90' lang='lat' dir='ltr'><strong>multum</strong></span> <span class='ocrx_word' id='word_1_167' title='bbox 370 2529 481 2572; x_wconf 93' lang='lat' dir='ltr'><strong>eorum</strong></span> <span class='ocrx_word' id='word_1_168' title='bbox 511 2509 665 2571; x_wconf 87' lang='lat' dir='ltr'><strong>interesse</strong></span> <span class='ocrx_word' id='word_1_169' title='bbox 686 2503 797 2590; x_wconf 56' lang='lat' dir='ltr'><strong>&#39;potuit</strong></span> <span class='ocrx_word' id='word_1_170' title='bbox 827 2511 925 2573; x_wconf 90' lang='lat' dir='ltr'><strong>etiam</strong></span> <span class='ocrx_word' id='word_1_171' title='bbox 948 2521 1073 2575; x_wconf 88' lang='lat' dir='ltr'><strong>ceteros</strong></span> <span class='ocrx_word' id='word_1_172' title='bbox 1097 2513 1315 2593; x_wconf 88' lang='lat' dir='ltr'><strong>trigintaviros</strong></span> <span class='ocrx_word' id='word_1_173' title='bbox 1349 2511 1497 2585; x_wconf 91' lang='lat' dir='ltr'><strong>interimi,</strong></span> 
     </span>
     <span class='ocr_line' id='line_1_22' title="bbox 202 2619 1527 2705; baseline 0.003 -25"><span class='ocrx_word' id='word_1_174' title='bbox 202 2619 392 2700; x_wconf 88' lang='lat' dir='ltr'><strong>praesertim</strong></span> <span class='ocrx_word' id='word_1_175' title='bbox 424 2639 497 2680; x_wconf 90' lang='lat' dir='ltr'><strong>cum</strong></span> <span class='ocrx_word' id='word_1_176' title='bbox 527 2620 616 2681; x_wconf 91' lang='lat' dir='ltr'><strong>omni</strong></span> <span class='ocrx_word' id='word_1_177' title='bbox 645 2620 792 2701; x_wconf 88' lang='lat' dir='ltr'><strong>potentia</strong></span> <span class='ocrx_word' id='word_1_178' title='bbox 823 2631 855 2683; x_wconf 91' lang='lat' dir='ltr'><strong>et</strong></span> <span class='ocrx_word' id='word_1_179' title='bbox 886 2623 1037 2685; x_wconf 91' lang='lat' dir='ltr'><strong>omnibus</strong></span> <span class='ocrx_word' id='word_1_180' title='bbox 1070 2622 1188 2703; x_wconf 91' lang='lat' dir='ltr'><strong>opibus</strong></span> <span class='ocrx_word' id='word_1_181' title='bbox 1209 2622 1325 2705; x_wconf 90' lang='lat' dir='ltr'><strong>privati</strong></span> <span class='ocrx_word' id='word_1_182' title='bbox 1350 2622 1496 2684; x_wconf 85' lang='lat' dir='ltr'><strong>Atticam</strong></span> <span class='ocrx_word' id='word_1_183' title='bbox 1524 2655 1527 2660; x_wconf 94' lang='lat'>·</span> 
     </span>
     <span class='ocr_line' id='line_1_23' title="bbox 201 2728 1498 2814; baseline 0.002 -23"><span class='ocrx_word' id='word_1_184' title='bbox 201 2728 359 2811; x_wconf 86' lang='lat' dir='ltr'><strong>lugerent.</strong></span> <span class='ocrx_word' id='word_1_185' title='bbox 405 2729 522 2790; x_wconf 90' lang='lat' dir='ltr'><strong>Mirum</strong></span> <span class='ocrx_word' id='word_1_186' title='bbox 546 2738 655 2792; x_wconf 86' lang='lat' dir='ltr'><strong>autem</strong></span> <span class='ocrx_word' id='word_1_187' title='bbox 680 2739 765 2792; x_wconf 91' lang='lat' dir='ltr'><strong>esset</strong></span> <span class='ocrx_word' id='word_1_188' title='bbox 798 2731 1062 2814; x_wconf 86' lang='lat' dir='ltr'><strong>Xenophontem,</strong></span> <span class='ocrx_word' id='word_1_189' title='bbox 1086 2733 1113 2793; x_wconf 90' lang='lat' dir='ltr'><strong>si</strong></span> <span class='ocrx_word' id='word_1_190' title='bbox 1136 2753 1248 2794; x_wconf 90' lang='lat' dir='ltr'><strong>revera</strong></span> <span class='ocrx_word' id='word_1_191' title='bbox 1269 2733 1498 2814; x_wconf 87' lang='lat' dir='ltr'><strong>trigintaviros</strong></span> 
     </span>
     <span class='ocr_line' id='line_1_24' title="bbox 203 2840 1495 2927; baseline 0.004 -25"><span class='ocrx_word' id='word_1_192' title='bbox 203 2860 317 2902; x_wconf 90' lang='lat' dir='ltr'><strong>omnes</strong></span> <span class='ocrx_word' id='word_1_193' title='bbox 339 2840 486 2902; x_wconf 88' lang='lat' dir='ltr'><strong>sublatos</strong></span> <span class='ocrx_word' id='word_1_194' title='bbox 509 2860 580 2901; x_wconf 88' lang='lat' dir='ltr'><strong>esse</strong></span> <span class='ocrx_word' id='word_1_195' title='bbox 605 2860 733 2902; x_wconf 89' lang='lat' dir='ltr'><strong>narrare</strong></span> <span class='ocrx_word' id='word_1_196' title='bbox 756 2841 920 2917; x_wconf 84' lang='lat' dir='ltr'><strong>voluisset,</strong></span> <span class='ocrx_word' id='word_1_197' title='bbox 944 2843 1007 2905; x_wconf 91' lang='lat' dir='ltr'><strong>hoc</strong></span> <span class='ocrx_word' id='word_1_198' title='bbox 1029 2841 1169 2915; x_wconf 27' lang='lat' dir='ltr'><strong>locofuti</strong></span> <span class='ocrx_word' id='word_1_199' title='bbox 1193 2842 1294 2904; x_wconf 89' lang='lat' dir='ltr'><strong>verbo</strong></span> <span class='ocrx_word' id='word_1_200' title='bbox 1310 2844 1495 2927; x_wconf 78' lang='grc' dir='ltr'><strong>στρατηγοί.</strong></span> 
     </span>
    </p>

    <p class='ocr_par' dir='ltr' id='par_1_5' title="bbox 200 2950 1500 3915">
     <span class='ocr_line' id='line_1_25' title="bbox 241 2950 1499 3034; baseline 0.002 -23"><span class='ocrx_word' id='word_1_201' title='bbox 241 3011 243 3018; x_wconf 80' lang='grc'><em>,</em></span> <span class='ocrx_word' id='word_1_202' title='bbox 309 2950 435 3030; x_wconf 78' lang='lat' dir='ltr'><strong>Quibus</strong></span> <span class='ocrx_word' id='word_1_203' title='bbox 459 2951 500 3012; x_wconf 89' lang='lat' dir='ltr'><strong>de</strong></span> <span class='ocrx_word' id='word_1_204' title='bbox 521 2951 634 3024; x_wconf 73' lang='lat' dir='ltr'><strong>causis</strong></span> <span class='ocrx_word' id='word_1_205' title='bbox 659 2952 685 3013; x_wconf 91' lang='lat' dir='ltr'><strong>si</strong></span> <span class='ocrx_word' id='word_1_206' title='bbox 709 2951 772 3013; x_wconf 89' lang='lat' dir='ltr'><strong>iam</strong></span> <span class='ocrx_word' id='word_1_207' title='bbox 796 2953 966 3015; x_wconf 89' lang='lat' dir='ltr'><strong>verisimile</strong></span> <span class='ocrx_word' id='word_1_208' title='bbox 991 2961 1120 3014; x_wconf 88' lang='lat' dir='ltr'><strong>estnon</strong></span> <span class='ocrx_word' id='word_1_209' title='bbox 1144 2971 1258 3014; x_wconf 91' lang='lat' dir='ltr'><strong>omnes</strong></span> <span class='ocrx_word' id='word_1_210' title='bbox 1282 2952 1499 3034; x_wconf 91' lang='lat' dir='ltr'><strong>interemptos</strong></span> 
     </span>
     <span class='ocr_line' id='line_1_26' title="bbox 202 3061 1499 3145; baseline 0.003 -23"><span class='ocrx_word' id='word_1_211' title='bbox 202 3081 282 3134; x_wconf 86' lang='lat' dir='ltr'><strong>esse,·</strong></span> <span class='ocrx_word' id='word_1_212' title='bbox 314 3069 402 3123; x_wconf 90' lang='lat' dir='ltr'><strong>certo</strong></span> <span class='ocrx_word' id='word_1_213' title='bbox 434 3069 628 3142; x_wconf 88' lang='lat' dir='ltr'><strong>argumento</strong></span> <span class='ocrx_word' id='word_1_214' title='bbox 659 3061 738 3123; x_wconf 92' lang='lat' dir='ltr'><strong>haec</strong></span> <span class='ocrx_word' id='word_1_215' title='bbox 770 3063 930 3124; x_wconf 88' lang='lat' dir='ltr'><strong>sententia</strong></span> <span class='ocrx_word' id='word_1_216' title='bbox 964 3061 1153 3136; x_wconf 83' lang='lat' dir='ltr'><strong>firmabitur,</strong></span> <span class='ocrx_word' id='word_1_217' title='bbox 1190 3072 1365 3145; x_wconf 85' lang='lat' dir='ltr'><strong>postquam</strong></span> <span class='ocrx_word' id='word_1_218' title='bbox 1402 3065 1499 3126; x_wconf 92' lang='lat' dir='ltr'><strong>etiam</strong></span> 
     </span>
     <span class='ocr_line' id='line_1_27' title="bbox 202 3170 1499 3252; baseline 0.004 -21"><span class='ocrx_word' id='word_1_219' title='bbox 202 3171 316 3251; x_wconf 77' lang='lat' dir='ltr'><strong>magis,</strong></span> <span class='ocrx_word' id='word_1_220' title='bbox 349 3191 445 3252; x_wconf 88' lang='lat' dir='ltr'><strong>quam</strong></span> <span class='ocrx_word' id='word_1_221' title='bbox 478 3171 584 3233; x_wconf 92' lang='lat' dir='ltr'><strong>adhuc</strong></span> <span class='ocrx_word' id='word_1_222' title='bbox 609 3170 731 3233; x_wconf 85' lang='lat' dir='ltr'><strong>lactum</strong></span> <span class='ocrx_word' id='word_1_223' title='bbox 757 3182 815 3244; x_wconf 88' lang='lat' dir='ltr'><strong>est,</strong></span> <span class='ocrx_word' id='word_1_224' title='bbox 840 3173 1167 3235; x_wconf 88' lang='lat' dir='ltr'><strong>demonstraverimus</strong></span> <span class='ocrx_word' id='word_1_225' title='bbox 1190 3194 1285 3235; x_wconf 89' lang='lat' dir='ltr'><strong>unam</strong></span> <span class='ocrx_word' id='word_1_226' title='bbox 1308 3176 1499 3237; x_wconf 86' lang='lat' dir='ltr'><strong>amnestiam</strong></span> 
     </span>
     <span class='ocr_line' id='line_1_28' title="bbox 201 3281 1499 3367; baseline 0.005 -25"><span class='ocrx_word' id='word_1_227' title='bbox 201 3281 365 3343; x_wconf 89' lang='lat' dir='ltr'><strong>decretam</strong></span> <span class='ocrx_word' id='word_1_228' title='bbox 388 3301 459 3344; x_wconf 87' lang='lat' dir='ltr'><strong>esse</strong></span> <span class='ocrx_word' id='word_1_229' title='bbox 482 3281 664 3362; x_wconf 89' lang='lat' dir='ltr'><strong>posthanc</strong></span> <span class='ocrx_word' id='word_1_230' title='bbox 691 3282 935 3362; x_wconf 87' lang='lat' dir='ltr'><strong>expeditionem</strong></span> <span class='ocrx_word' id='word_1_231' title='bbox 960 3293 992 3344; x_wconf 93' lang='lat' dir='ltr'><strong>et</strong></span> <span class='ocrx_word' id='word_1_232' title='bbox 1015 3283 1055 3344; x_wconf 92' lang='lat' dir='ltr'><strong>ad</strong></span> <span class='ocrx_word' id='word_1_233' title='bbox 1073 3304 1145 3345; x_wconf 91' lang='lat' dir='ltr'><strong>eam</strong></span> <span class='ocrx_word' id='word_1_234' title='bbox 1162 3285 1392 3359; x_wconf 87' lang='lat' dir='ltr'><strong>iusiurandum,</strong></span> <span class='ocrx_word' id='word_1_235' title='bbox 1411 3287 1499 3367; x_wconf 93' lang='lat' dir='ltr'><strong>quod</strong></span> 
     </span>
     <span class='ocr_line' id='line_1_29' title="bbox 200 3391 1498 3475; baseline 0.005 -23"><span class='ocrx_word' id='word_1_236' title='bbox 200 3391 390 3453; x_wconf 82' lang='lat' dir='ltr'><strong>Andocides</strong></span> <span class='ocrx_word' id='word_1_237' title='bbox 420 3392 433 3453; x_wconf 95' lang='grc' dir='ltr'>Ι</span> <span class='ocrx_word' id='word_1_238' title='bbox 468 3407 512 3470; x_wconf 85' lang='grc'><strong>90</strong></span> <span class='ocrx_word' id='word_1_239' title='bbox 547 3391 689 3465; x_wconf 85' lang='lat' dir='ltr'><strong>exhibet,</strong></span> <span class='ocrx_word' id='word_1_240' title='bbox 736 3392 939 3456; x_wconf 86' lang='lat' dir='ltr'><strong>referendum</strong></span> <span class='ocrx_word' id='word_1_241' title='bbox 976 3401 1057 3472; x_wconf 86' lang='lat' dir='ltr'><strong>esse,</strong></span> <span class='ocrx_word' id='word_1_242' title='bbox 1088 3415 1153 3475; x_wconf 92' lang='lat' dir='ltr'><strong>quo</strong></span> <span class='ocrx_word' id='word_1_243' title='bbox 1176 3395 1364 3475; x_wconf 88' lang='lat' dir='ltr'><strong>trigintaviri</strong></span> <span class='ocrx_word' id='word_1_244' title='bbox 1389 3405 1422 3458; x_wconf 92' lang='lat' dir='ltr'><strong>et</strong></span> <span class='ocrx_word' id='word_1_245' title='bbox 1445 3417 1498 3459; x_wconf 94' lang='lat' dir='ltr'><strong>uu·</strong></span> 
     </span>
     <span class='ocr_line' id='line_1_30' title="bbox 205 3501 1500 3588; baseline 0.005 -26"><span class='ocrx_word' id='word_1_246' title='bbox 205 3501 371 3563; x_wconf 90' lang='lat' dir='ltr'><strong>decimviri</strong></span> <span class='ocrx_word' id='word_1_247' title='bbox 402 3502 445 3563; x_wconf 89' lang='lat' dir='ltr'><strong>ab</strong></span> <span class='ocrx_word' id='word_1_248' title='bbox 475 3502 652 3564; x_wconf 91' lang='lat' dir='ltr'><strong>amnestiae</strong></span> <span class='ocrx_word' id='word_1_249' title='bbox 684 3501 841 3564; x_wconf 84' lang='lat' dir='ltr'><strong>beneficio</strong></span> <span class='ocrx_word' id='word_1_250' title='bbox 870 3505 1059 3568; x_wconf 89' lang='lat' dir='ltr'><strong>nominatim</strong></span> <span class='ocrx_word' id='word_1_251' title='bbox 1089 3504 1313 3580; x_wconf 84' lang='lat' dir='ltr'><strong>excluduntur,</strong></span> <span class='ocrx_word' id='word_1_252' title='bbox 1346 3507 1378 3568; x_wconf 91' lang='lat' dir='ltr'><strong>id</strong></span> <span class='ocrx_word' id='word_1_253' title='bbox 1411 3508 1500 3588; x_wconf 91' lang='lat' dir='ltr'><strong>quod</strong></span> 
     </span>
     <span class='ocr_line' id='line_1_31' title="bbox 205 3611 1500 3699; baseline 0.005 -26"><span class='ocrx_word' id='word_1_254' title='bbox 205 3611 272 3674; x_wconf 87' lang='lat' dir='ltr'><strong>fieri</strong></span> <span class='ocrx_word' id='word_1_255' title='bbox 296 3631 360 3673; x_wconf 93' lang='lat' dir='ltr'><strong>non</strong></span> <span class='ocrx_word' id='word_1_256' title='bbox 384 3612 500 3692; x_wconf 87' lang='lat' dir='ltr'><strong>potuit,</strong></span> <span class='ocrx_word' id='word_1_257' title='bbox 525 3613 561 3674; x_wconf 58' lang='lat' dir='ltr'><strong>si,</strong></span> <span class='ocrx_word' id='word_1_258' title='bbox 575 3612 664 3675; x_wconf 89' lang='lat' dir='ltr'><strong>alteri</strong></span> <span class='ocrx_word' id='word_1_259' title='bbox 687 3611 844 3675; x_wconf 80' lang='lat' dir='ltr'><strong>interfecti</strong></span> <span class='ocrx_word' id='word_1_260' title='bbox 869 3625 984 3677; x_wconf 87' lang='lat' dir='ltr'><strong>essent.</strong></span> <span class='ocrx_word' id='word_1_261' title='bbox 1024 3615 1217 3678; x_wconf 90' lang='lat' dir='ltr'><strong>Videbimus</strong></span> <span class='ocrx_word' id='word_1_262' title='bbox 1241 3618 1340 3694; x_wconf 82' lang='lat' dir='ltr'><strong>etiarn</strong></span> <span class='ocrx_word' id='word_1_263' title='bbox 1364 3627 1500 3699; x_wconf 91' lang='lat' dir='ltr'><strong>propter</strong></span> 
     </span>
     <span class='ocr_line' id='line_1_32' title="bbox 202 3722 1499 3804; baseline 0.005 -20"><span class='ocrx_word' id='word_1_264' title='bbox 202 3722 320 3804; x_wconf 91' lang='lat' dir='ltr'><strong>Lysiae</strong></span> <span class='ocrx_word' id='word_1_265' title='bbox 351 3723 514 3785; x_wconf 89' lang='lat' dir='ltr'><strong>orationes</strong></span> <span class='ocrx_word' id='word_1_266' title='bbox 542 3722 636 3785; x_wconf 93' lang='lat' dir='ltr'><strong>XXV</strong></span> <span class='ocrx_word' id='word_1_267' title='bbox 666 3733 698 3785; x_wconf 91' lang='lat' dir='ltr'><strong>et</strong></span> <span class='ocrx_word' id='word_1_268' title='bbox 731 3724 871 3788; x_wconf 87' lang='lat' dir='ltr'><strong>XXXIV</strong></span> <span class='ocrx_word' id='word_1_269' title='bbox 894 3726 1065 3789; x_wconf 87' lang='lat' dir='ltr'><strong>verisimile</strong></span> <span class='ocrx_word' id='word_1_270' title='bbox 1100 3747 1170 3790; x_wconf 92' lang='lat' dir='ltr'><strong>esse</strong></span> <span class='ocrx_word' id='word_1_271' title='bbox 1204 3726 1265 3788; x_wconf 91' lang='lat' dir='ltr'><strong>hos</strong></span> <span class='ocrx_word' id='word_1_272' title='bbox 1298 3727 1448 3790; x_wconf 89' lang='lat' dir='ltr'><strong>homines</strong></span> <span class='ocrx_word' id='word_1_273' title='bbox 1470 3749 1499 3790; x_wconf 89' lang='lat' dir='ltr'><strong>a·</strong></span> 
     </span>
     <span class='ocr_line' id='line_1_33' title="bbox 202 3833 849 3915; baseline 0.005 -21"><span class='ocrx_word' id='word_1_274' title='bbox 202 3833 358 3896; x_wconf 90' lang='lat' dir='ltr'><strong>mnestiae</strong></span> <span class='ocrx_word' id='word_1_275' title='bbox 383 3842 534 3912; x_wconf 87' lang='lat' dir='ltr'><strong>expertes</strong></span> <span class='ocrx_word' id='word_1_276' title='bbox 557 3834 695 3914; x_wconf 90' lang='lat' dir='ltr'><strong>patriam</strong></span> <span class='ocrx_word' id='word_1_277' title='bbox 719 3834 849 3915; x_wconf 82' lang='lat' dir='ltr'><strong>fugisse.</strong></span> 
     </span>
    </p>

    <p class='ocr_par' dir='ltr' id='par_1_6' title="bbox 193 3943 1498 4582">
     <span class='ocr_line' id='line_1_34' title="bbox 308 3943 1498 4028; baseline 0.005 -23"><span class='ocrx_word' id='word_1_278' title='bbox 308 3943 476 4006; x_wconf 88' lang='lat' dir='ltr'><strong>Praeterea</strong></span> <span class='ocrx_word' id='word_1_279' title='bbox 505 3952 617 4006; x_wconf 87' lang='lat' dir='ltr'><strong>autem</strong></span> <span class='ocrx_word' id='word_1_280' title='bbox 654 3954 791 4026; x_wconf 88' lang='lat' dir='ltr'><strong>propter</strong></span> <span class='ocrx_word' id='word_1_281' title='bbox 823 3967 870 4020; x_wconf 87' lang='lat' dir='ltr'><strong>ea,</strong></span> <span class='ocrx_word' id='word_1_282' title='bbox 905 3968 989 4028; x_wconf 90' lang='lat' dir='ltr'><strong>quae</strong></span> <span class='ocrx_word' id='word_1_283' title='bbox 1019 3947 1133 4028; x_wconf 91' lang='lat' dir='ltr'><strong>Lysias</strong></span> <span class='ocrx_word' id='word_1_284' title='bbox 1161 3947 1221 4009; x_wconf 92' lang='lat' dir='ltr'><strong>XII</strong></span> <span class='ocrx_word' id='word_1_285' title='bbox 1246 3960 1285 4026; x_wconf 83' lang='lat'><strong>35</strong></span> <span class='ocrx_word' id='word_1_286' title='bbox 1313 3947 1398 4021; x_wconf 86' lang='lat' dir='ltr'><strong>dicit,</strong></span> <span class='ocrx_word' id='word_1_287' title='bbox 1424 3969 1498 4011; x_wconf 89' lang='lat' dir='ltr'><strong>cum</strong></span> 
     </span>
     <span class='ocr_line' id='line_1_35' title="bbox 200 4053 1496 4135; baseline 0.002 -19"><span class='ocrx_word' id='word_1_288' title='bbox 200 4053 428 4135; x_wconf 85' lang='lat' dir='ltr'><strong>Frohbergero</strong></span> <span class='ocrx_word' id='word_1_289' title='bbox 455 4055 486 4115; x_wconf 94' lang='lat' dir='ltr'><strong>in</strong></span> <span class='ocrx_word' id='word_1_290' title='bbox 510 4055 719 4118; x_wconf 90' lang='lat' dir='ltr'><strong>annotatione</strong></span> <span class='ocrx_word' id='word_1_291' title='bbox 741 4057 784 4118; x_wconf 87' lang='lat' dir='ltr'><strong>ad</strong></span> <span class='ocrx_word' id='word_1_292' title='bbox 807 4056 893 4118; x_wconf 91' lang='lat' dir='ltr'><strong>hunc</strong></span> <span class='ocrx_word' id='word_1_293' title='bbox 916 4058 1022 4119; x_wconf 90' lang='lat' dir='ltr'><strong>locum</strong></span> <span class='ocrx_word' id='word_1_294' title='bbox 1038 4057 1262 4131; x_wconf 85' lang='lat' dir='ltr'><strong>dubitaverim,</strong></span> <span class='ocrx_word' id='word_1_295' title='bbox 1289 4077 1366 4120; x_wconf 93' lang='lat' dir='ltr'><strong>num</strong></span> <span class='ocrx_word' id='word_1_296' title='bbox 1383 4079 1496 4122; x_wconf 90' lang='lat' dir='ltr'><strong>omnes</strong></span> 
     </span>
     <span class='ocr_line' id='line_1_36' title="bbox 193 4154 1493 4247; baseline 0.004 -22"><span class='ocrx_word' id='word_1_297' title='bbox 193 4165 312 4245; x_wconf 85' lang='lat' dir='ltr'><strong>¹viginti</strong></span> <span class='ocrx_word' id='word_1_298' title='bbox 334 4175 376 4228; x_wconf 81' lang='lat' dir='ltr'><strong>et</strong></span> <span class='ocrx_word' id='word_1_299' title='bbox 406 4166 550 4247; x_wconf 86' lang='lat' dir='ltr'><strong>quinque</strong></span> <span class='ocrx_word' id='word_1_300' title='bbox 581 4167 708 4246; x_wconf 88' lang='lat' dir='ltr'><strong>tyranni</strong></span> <span class='ocrx_word' id='word_1_301' title='bbox 728 4154 890 4228; x_wconf 61' lang='lat' dir='ltr'><strong>&#39;Eleusine</strong></span> <span class='ocrx_word' id='word_1_302' title='bbox 915 4167 1031 4230; x_wconf 84' lang='lat' dir='ltr'><strong>luerint</strong></span> <span class='ocrx_word' id='word_1_303' title='bbox 1059 4168 1112 4239; x_wconf 90' lang='lat' dir='ltr'><strong>ita,</strong></span> <span class='ocrx_word' id='word_1_304' title='bbox 1144 4177 1178 4230; x_wconf 91' lang='lat' dir='ltr'><strong>ut</strong></span> <span class='ocrx_word' id='word_1_305' title='bbox 1210 4187 1323 4230; x_wconf 90' lang='lat' dir='ltr'><strong>omnes</strong></span> <span class='ocrx_word' id='word_1_306' title='bbox 1353 4169 1493 4231; x_wconf 89' lang='lat' dir='ltr'><strong>interimi</strong></span> 
     </span>
     <span class='ocr_line' id='line_1_37' title="bbox 199 4271 1494 4360; baseline 0.002 -22"><span class='ocrx_word' id='word_1_307' title='bbox 199 4277 373 4358; x_wconf 83' lang='lat' dir='ltr'><strong>potuerInt.</strong></span> <span class='ocrx_word' id='word_1_308' title='bbox 399 4276 487 4338; x_wconf 90' lang='lat' dir='ltr'><strong>Dicit</strong></span> <span class='ocrx_word' id='word_1_309' title='bbox 501 4277 587 4338; x_wconf 91' lang='lat' dir='ltr'><strong>enim</strong></span> <span class='ocrx_word' id='word_1_310' title='bbox 600 4276 714 4357; x_wconf 90' lang='lat' dir='ltr'><strong>Lysias</strong></span> <span class='ocrx_word' id='word_1_311' title='bbox 730 4276 823 4340; x_wconf 86' lang='lat' dir='ltr'><strong>haec&#39;:</strong></span> <span class='ocrx_word' id='word_1_312' title='bbox 853 4271 939 4340; x_wconf 79' lang='lat' dir='ltr'><strong>»door</strong></span> <span class='ocrx_word' id='word_1_313' title='bbox 956 4276 989 4341; x_wconf 80' lang='lat' dir='ltr'><strong>da</strong></span> <span class='ocrx_word' id='word_1_314' title='bbox 1004 4276 1088 4359; x_wconf 78' lang='grc' dir='ltr'><strong><em>ξένοι</em></strong></span> <span class='ocrx_word' id='word_1_315' title='bbox 1103 4275 1321 4360; x_wconf 78' lang='grc' dir='ltr'><strong><em>ἐπιδημοῦσιν,</em></strong></span> <span class='ocrx_word' id='word_1_316' title='bbox 1338 4276 1494 4356; x_wconf 75' lang='grc' dir='ltr'><strong><em>εἴσονται,</em></strong></span> 
     </span>
     <span class='ocr_line' id='line_1_38' title="bbox 200 4381 1496 4474; baseline 0.002 -25"><span class='ocrx_word' id='word_1_317' title='bbox 200 4384 345 4469; x_wconf 81' lang='grc' dir='ltr'><strong><em>κότερον</em></strong></span> <span class='ocrx_word' id='word_1_318' title='bbox 372 4382 492 4460; x_wconf 79' lang='grc' dir='ltr'><strong><em>ἀδίκως</em></strong></span> <span class='ocrx_word' id='word_1_319' title='bbox 525 4384 605 4460; x_wconf 83' lang='grc' dir='ltr'><strong>τοὺς</strong></span> <span class='ocrx_word' id='word_1_320' title='bbox 639 4385 818 4470; x_wconf 78' lang='grc' dir='ltr'><strong><em>τριάκοντα</em></strong></span> <span class='ocrx_word' id='word_1_321' title='bbox 849 4383 1104 4472; x_wconf 75' lang='grc' dir='ltr'><strong>ἐκκηρύττουσιν</strong></span> <span class='ocrx_word' id='word_1_322' title='bbox 1138 4385 1174 4451; x_wconf 77' lang='grc' dir='ltr'><strong>ἐκ</strong></span> <span class='ocrx_word' id='word_1_323' title='bbox 1208 4395 1278 4452; x_wconf 90' lang='grc' dir='ltr'><strong>τῶν</strong></span> <span class='ocrx_word' id='word_1_324' title='bbox 1311 4387 1442 4452; x_wconf 76' lang='grc' dir='ltr'><strong><em>πόλεων</em></strong></span> <span class='ocrx_word' id='word_1_325' title='bbox 1475 4381 1496 4474; x_wconf 82' lang='grc' dir='ltr'>ἢ</span> 
     </span>
     <span class='ocr_line' id='line_1_39' title="bbox 202 4495 1496 4582; baseline -0.001 -19"><span class='ocrx_word' id='word_1_326' title='bbox 202 4497 370 4575; x_wconf 58' lang='lat' dir='ltr'><strong>drentem,</strong></span> <span class='ocrx_word' id='word_1_327' title='bbox 393 4517 477 4580; x_wconf 88' lang='lat' dir='ltr'><strong>quae</strong></span> <span class='ocrx_word' id='word_1_328' title='bbox 493 4496 592 4561; x_wconf 90' lang='lat' dir='ltr'><strong>verba</strong></span> <span class='ocrx_word' id='word_1_329' title='bbox 608 4495 793 4561; x_wconf 82' lang='lat' dir='ltr'><strong>ditficssnma</strong></span> <span class='ocrx_word' id='word_1_330' title='bbox 809 4506 884 4562; x_wconf 90' lang='lat' dir='ltr'><strong>sunt</strong></span> <span class='ocrx_word' id='word_1_331' title='bbox 906 4497 947 4561; x_wconf 87' lang='lat' dir='ltr'><strong>ad</strong></span> <span class='ocrx_word' id='word_1_332' title='bbox 971 4496 1232 4580; x_wconf 82' lang='lat' dir='ltr'><strong>intellegendum,</strong></span> <span class='ocrx_word' id='word_1_333' title='bbox 1256 4499 1282 4563; x_wconf 90' lang='lat' dir='ltr'><strong>si</strong></span> <span class='ocrx_word' id='word_1_334' title='bbox 1306 4499 1496 4582; x_wconf 82' lang='lat' dir='ltr'><strong>trigintaviri</strong></span> 
     </span>
    </p>
   </div>
   <div class='ocr_carea' id='block_1_4' title="bbox 0 0 1706 5172">
    <p class='ocr_par' dir='ltr' id='par_1_7' title="bbox 0 0 1706 5172">
     <span class='ocr_line' id='line_1_40' title="bbox 0 0 1706 5172; baseline 0 1"><span class='ocrx_word' id='word_1_335' title='bbox 0 0 1706 5172; x_wconf 95' lang='lat' dir='ltr'><strong> </strong></span> 
     </span>
    </p>
   </div>
  </div>
 </body>
</html>
