3402 5172
841 299 882 363 80

219 517 349 579 nomina
372 517 541 598 colligendi
565 525 694 594 tempus
719 516 763 576 eis
793 515 893 588 fuerit,
926 535 1000 578 cum
1023 515 1252 597 Frohbergero
1281 516 1514 581 dubitaverim.

217 627 282 688 lam
307 628 404 689 verba
431 624 661 710 ιέπολιόρκουν
677 624 754 701 τοὺς
775 621 850 708 μεθ’
872 621 1000 691 αὑτῶν(
1029 623 1166 689 Grosser
1188 625 1286 690 refert
1301 627 1343 688 ad
1359 627 1512 689 Athenas

217 737 258 799 ab
282 737 444 799 exsulibus
467 738 616 800 obsessas
641 736 693 809 ita,
718 745 752 799 ut
776 746 895 798 statuat
927 758 991 798 non
1024 755 1146 810 omnes,
1178 737 1233 818 qui
1265 757 1338 801 sese
1369 739 1514 819 triginta·

215 847 302 909 viros
328 856 494 910 secuturos
523 867 593 910 esse
625 847 760 929 professi
792 858 908 915 essent.
939 868 995 910 eos
1024 857 1153 910 secutos
1187 869 1267 921 esse,
1303 850 1381 932 quin
1415 851 1514 912 etiam

216 958 386 1020 nonnullos
417 978 529 1020 eorum
559 958 677 1020 deinde
704 959 745 1020 ad
778 960 905 1021 exsules
933 959 1085 1022 transisse
1114 968 1147 1021 et
1178 979 1252 1020 cum
1285 960 1330 1021 eis
1364 960 1514 1022 Athenas

206 1069 462 1150 'oppugnavisse
509 1068 604 1150 Quae
620 1048 789 1142 sententia,
815 1089 1013 1149 quamquam
1031 1067 1159 1130 refutari
1177 1089 1236 1150 per
1251 1089 1286 1131 se
1304 1089 1370 1132 non
1389 1077 1508 1149 potest,

214 1186 332 1252 tamen,
358 1189 392 1241 ut
417 1189 502 1242 recte
526 1178 652 1242 Stutzer
675 1178 683 1239 l
710 1178 729 1244 l.
747 1201 777 1260 p.
804 1194 845 1259 37
870 1180 1112 1256 demonstravit,
1139 1190 1279 1253 nonest,
1307 1181 1398 1262 quod
1420 1181 1512 1243 alteri

214 1289 422 1368 praeferatur,
447 1302 496 1353 est
518 1302 627 1354 autern
651 1298 905 1352 consentaneum
937 1307 1010 1350 eam
1042 1289 1233 1353 mittendam
1266 1311 1347 1364 esse,
1373 1292 1511 1354 sirecte

214 1400 422 1480 exposuimus
451 1403 552 1463 verba
586 1407 672 1465 »τῶν
696 1395 893 1463 Ἐλευσῖνάδε
926 1396 1235 1483 ἀπογραψαμνωνι
1263 1402 1376 1464 melius
1400 1403 1441 1464 de
1464 1403 1511 1464 eis

214 1509 364 1590 intellegi,
390 1512 445 1592 qui
469 1531 548 1595 pace
566 1510 650 1573 facta
675 1511 805 1572 nomina
830 1509 965 1591 professi
989 1510 1061 1576 sint.
1109 1511 1217 1592 Quam
1234 1513 1278 1574 ob
1303 1533 1372 1574 rem
1393 1512 1511 1574 rectius

212 1640 288 1681 cum
304 1622 454 1683 omnibus
469 1623 584 1684 ceteris
601 1622 676 1682 viris
699 1621 804 1683 doctis
821 1622 1003 1702 cogitamus
1028 1622 1068 1684 de
1085 1621 1235 1684 Eleusine
1259 1622 1339 1684 urbe
1362 1621 1508 1686 obsessa.

215 1729 281 1793 Sed
303 1732 366 1794 iam
389 1732 526 1794 dubitari
549 1741 667 1814 potest,
701 1733 868 1812 quomodo
899 1710 1033 1797 verbum
1060 1730 1291 1815 »ἐξελθόντεςι
1321 1731 1505 1811 intellegen-

214 1841 291 1902 dum
320 1843 368 1905 sit.
390 1859 395 1872 ·
416 1843 620 1923 Frohberger
650 1842 748 1904 docet
776 1862 904 1914 eorum,
939 1843 991 1922 qui
1022 1843 1153 1904 nomina
1181 1841 1321 1925 professi
1354 1841 1510 1905 Eleusina

213 1951 446 2034 migravissent,
477 1951 655 2026 nonnullos,
687 1973 760 2015 cum
785 1951 1000 2015 Athenienses
1034 1952 1075 2014 ad
1105 1954 1217 2015 urbem
1249 1951 1508 2042 oppugnandam

212 2064 430 2139 accessissent,
462 2065 505 2127 ad
537 2084 593 2126 eos
625 2065 730 2126 exisse
762 2071 794 2125 et
825 2063 918 2124 simul
940 2082 1026 2138 cum
1048 2064 1093 2124 eis
1116 2083 1192 2125 suos
1216 2061 1393 2124 obsedisse.
1443 2061 1510 2124 Sed

211 2193 407 2257 quamquam
432 2176 573 2258 priorem
597 2173 812 2255 Frohbergeri
836 2175 1136 2257 interpretationem
1159 2181 1290 2235 secutus
1313 2193 1396 2244 sum,
1422 2178 1507 2234 hanc

210 2284 343 2347 alteram
374 2306 438 2348 non
469 2285 684 2370 probaverim,
719 2303 793 2347 narn
818 2301 839 2346 e·
868 2285 968 2347 verbo
994 2280 1322 2368 »daoypuurnpe'vorv«
1349 2281 1508 2358 adhibit0,

212 2405 246 2458 ut
270 2395 407 2458 Grosser
434 2396 449 2460 l.
474 2396 492 2462 1.
518 2395 642 2478 p.·206
675 2404 761 2457 recte
792 2394 877 2468 dicit,
910 2395 1018 2477 potius
1048 2394 1266 2476 colligendum
1297 2403 1346 2456 est
1377 2393 1511 2475 Lysiam

209 2505 297 2587 loqui
320 2507 361 2568 de
384 2506 579 2581 hominibus
605 2507 658 2587 qui
683 2506 815 2567 nomina
838 2504 973 2587 professi
998 2504 1150 2567 Eleusina
1180 2524 1245 2567 non
1277 2504 1505 2583 migraverant.

210 2615 317 2696 Quam
342 2618 386 2679 ob
403 2636 470 2679 rem
486 2617 654 2678 statuerim
671 2614 839 2678 nonnullos
856 2635 979 2688 eorum,
1005 2616 1061 2695 qui
1076 2615 1226 2676 Eleusina
1249 2635 1284 2676 se
1308 2614 1507 2694 migraturos

210 2745 280 2788 esse
304 2748 386 2809 pace
409 2727 592 2808 composita
615 2726 779 2799 dixissent,
811 2735 920 2788 tamen
938 2726 968 2786 in
988 2726 1066 2787 urbe
1088 2725 1283 2787 remansisse
1306 2734 1338 2787 et
1362 2745 1435 2787 cum
1460 2745 1509 2786 ce·

211 2837 287 2898 teris
309 2836 566 2900 'Atheniensibus
583 2845 694 2897 contra
709 2836 861 2899 Eleusina
878 2836 1121 2918 expeditionem
1145 2834 1258 2898 fecisse
1318 2835 1392 2915 Qua
1416 2836 1509 2897 inter·

211 2947 392 3028 pretatione
414 2954 551 3029 accepta
575 2947 751 3026 elegantius
773 2948 855 3008 inter
877 2967 911 3009 se
935 2946 1086 3027 opposita
1110 2955 1194 3019 sunt,
1219 2956 1255 3008 ut
1278 2946 1365 3008 Fuhr
1385 2945 1405 3010 l.
1434 2944 1452 3006 l.
1477 2966 1509 3026 p.

217 3070 274 3136 105
307 3067 450 3129 annotat,
485 3057 585 3119 verba
616 3053 825 3140 »ἐξελθόντες
854 3052 929 3139 μεθ’
959 3051 1069 3138 ὑμῶνι
1101 3066 1133 3119 et
1167 3053 1401 3140 »ἐπολιόρκουν
1433 3054 1512 3130 τοὺς

210 3161 284 3248 μεθ’
306 3161 448 3239 aleran«,
471 3188 545 3229 cum
569 3167 795 3248 Frohbergero
818 3177 851 3230 et
873 3169 951 3230 item
977 3166 1138 3231 Grossero
1161 3167 1261 3229 verba
1288 3162 1381 3250 »μεθ’
1396 3161 1507 3250 ὑμῶν(

211 3295 284 3339 cum
306 3278 407 3340 verbo
434 3275 685 3362 »ἐπολιόρκουνα
718 3279 947 3358 coniungenda
977 3280 1048 3340 sint.
1098 3278 1230 3340 Poterat
1261 3287 1370 3338 autem
1393 3275 1510 3358 Lysias

212 3388 309 3448 etiarn
332 3388 392 3450 hac
415 3389 550 3450 ratione·
563 3409 619 3450 eos
646 3389 794 3462 urbanos,
821 3390 876 3470 qui
900 3409 933 3450 re
957 3410 1033 3451 vera
1055 3388 1206 3450 Eleusina
1238 3407 1273 3449 se
1296 3388 1509 3462 contulerant,

214 3496 311 3572 »τοὺς
333 3496 407 3580 μεθ’
431 3493 561 3562 abaciam
596 3519 723 3567 vocare,
755 3500 831 3580 quia
862 3500 989 3581 utrique
1021 3520 1086 3561 non
1116 3498 1221 3560 solum
1244 3509 1279 3560 ut
1303 3498 1425 3570 urbani,
1451 3499 1510 3560 sed

212 3607 308 3670 etiam
333 3618 367 3670 ut
383 3604 587 3673 ’Ἐλευσῖνάδε
611 3604 881 3693 ἀπογραψάμενοι
905 3610 1051 3672 eiusdem
1075 3607 1224 3670 factionis
1246 3617 1348 3670 erant.

302 3717 441 3798 ‘Quodsi
466 3739 551 3780 nunc
573 3719 712 3800 denique
736 3721 846 3800 quaeri
863 3728 982 3801 potest,
1008 3738 1085 3808 num
1109 3720 1322 3792 accusatione,
1347 3739 1365 3780 a
1389 3739 1455 3801 qua
1471 3719 1506 3793 is,

212 3828 266 3908 qui
290 3829 373 3892 hanc
396 3831 574 3892 orationem
598 3829 707 3902 habet,
739 3850 774 3891 se
805 3830 958 3902 defendit,
988 3830 1145 3891 amnestia
1176 3829 1261 3892 laesa
1291 3830 1341 3902 sit,
1374 3829 1508 3891 dubium

213 3957 284 4000 esse
306 3959 371 4001 non
400 3950 519 4022 potest,
551 3941 627 4021 quin
650 3939 702 4001 hic
737 3940 814 4002 civis
848 3941 1005 4002 adversus
1036 3939 1226 4001 amnestiam
1258 3948 1428 4001 accusatus
1458 3939 1507 4000 sit.

211 4045 318 4110 Possis
340 4049 416 4112 mihi
447 4051 587 4113 obiicere
619 4071 692 4112 eum
725 4070 829 4112 rerum
864 4059 940 4112 ante
974 4059 1117 4112 actarum
1148 4069 1182 4111 re
1213 4069 1288 4110 vera
1322 4057 1510 4111 accusatum

212 4159 343 4220 omnino
367 4179 431 4222 non
455 4181 534 4233 esse,
561 4160 619 4221 sed
643 4181 717 4222 cum
741 4161 825 4222 uitae
848 4161 1003 4222 examine.
1021 4160 1166 4222 instituto
1190 4169 1406 4240 quaereretur,
1433 4178 1510 4220 num

212 4285 344 4330 munere
367 4271 511 4350 gerendo
535 4270 653 4350 dignus
679 4281 771 4343 esset,
806 4280 872 4332 tres
895 4271 1043 4333 homines
1074 4271 1105 4332 in
1129 4273 1149 4349 ξ
1176 4283 1215 4348 25
1250 4270 1433 4332 nominatos
1457 4290 1509 4330 ex·

214 4378 609 4460 stitisse-negantes·eum
641 4381 775 4462 dignum
799 4400 877 4453 esse,
903 4381 978 4463 quia
1009 4380 1181 4443 anarchiae
1211 4389 1360 4462 tempore
1391 4377 1510 4440 malum

213 4489 318 4556 civem
339 4509 374 4552 se
398 4492 618 4586 praestitisset,
666 4491 732 4566 Sed
757 4493 855 4565 etiam
885 4491 949 4560 hoe
971 4499 1084 4560 contra
1107 4491 1299 4565 amnestiam
1329 4490 1508 4584 pugnabat,
