3402 5172
765 305 975 390 *A*
1087 339 1090 346 .

217 505 275 568 sed
307 504 509 570 nihilominus
537 524 610 567 cum
640 523 724 584 pace
754 504 861 587 priore
893 503 1100 575 amnestiam,
1133 502 1175 564 ad
1206 521 1305 584 quam
1329 510 1511 564 ceterorum

218 594 353 678 fontium
377 616 576 678 narrationes
600 635 655 678 eos
673 615 789 678 referre
805 614 976 680 verisimile
996 624 1055 687 est,
1080 632 1277 695 quamquam
1300 632 1365 674 non
1389 611 1510 681 dicunt,

217 727 422 804 coniunctam
454 726 517 788 iam
549 725 647 788 fuisse
677 726 738 788 sibi
768 735 1005 806 persuaserunt.
1054 725 1129 806 Qua
1159 725 1282 789 ratione
1309 721 1440 785 adducti
1463 722 1512 784 bis

217 845 364 899 statuunt
387 835 579 898 amnestiam
596 836 761 898 decretam
784 846 818 900 et
841 837 1046 899 iureiurando
1062 844 1208 898 sanctam
1228 855 1307 906 esse,
1334 843 1367 896 et
1390 832 1511 914 fingere

217 947 364 1010 videntur
388 947 528 1027 priorem
552 949 744 1010 amnestiam
774 947 864 1032 pacis
885 947 1045 1009 Pausania
1075 955 1207 1009 auctore
1237 943 1342 1007 laetae
1374 943 1511 1005 condici-

218 1076 314 1120 onem
336 1053 433 1119 luisse
458 1066 490 1118 et
511 1057 554 1119 ab
574 1075 612 1118 ea
635 1056 784 1120 exclusos
807 1077 879 1119 esse
901 1057 1045 1129 eosdem,
1070 1076 1152 1137 quos
1175 1054 1361 1134 Xenophon
1383 1075 1403 1116 a
1426 1073 1508 1133 pace

217 1167 364 1232 exclusos
389 1179 505 1236 narrat,
535 1166 668 1229 alteram
698 1177 807 1230 autem
831 1167 983 1230 Eleusine
1015 1169 1095 1231 urbe
1126 1175 1314 1245 recuperata
1345 1164 1510 1228 decretam

217 1278 315 1338 etiam
338 1277 398 1340 hos
425 1277 628 1356 complexam
653 1297 733 1340 esse.
772 1277 880 1358 Quam
904 1279 947 1340 ob
972 1298 1040 1340 rem
1063 1285 1195 1360 oportet
1219 1296 1275 1338 eos
1291 1275 1510 1338 iusiurandum

217 1387 303 1469 apud
328 1387 531 1451 Andocidem
556 1388 722 1450 traditum'
742 1390 783 1450 ad
817 1389 958 1471 priorem
992 1389 1109 1452 referre
1144 1387 1250 1468 ibique
1285 1395 1361 1468 post
1394 1386 1507 1449 verba:

219 1499 303 1562 »Kal
325 1505 394 1576 τῶν
417 1494 548 1562 ἓνδεκαι
582 1498 720 1560 inserere
744 1500 861 1570 verba:
900 1500 983 1563 »Kal
1007 1507 1075 1564 τῶν
1097 1497 1133 1563 ἐν
1156 1501 1206 1580 τῷ
1228 1499 1375 1580 Πειραιεῖ
1395 1491 1510 1581 ἀρξάν-

216 1632 288 1675 των
310 1607 416 1673 dixu«.
465 1609 559 1670 Hanc
587 1610 780 1672 sententiam
813 1599 951 1689 primuS,
984 1630 1081 1690 quem
1114 1620 1178 1692 e'go
1209 1608 1340 1690 quidem
1371 1607 1509 1691 reperire

217 1719 324 1802 potui,
354 1719 487 1801 protulit
508 1719 641 1782 Mitford
663 1720 881 1802 AnglicanuS,
913 1722 967 1802 qui
997 1721 1029 1783 in
1052 1720 1185 1784 historia
1215 1736 1274 1780 sua
1298 1716 1455 1781 Graeciae
1476 1718 1508 1779 in

217 1829 427 1892 Eichstaedtii
450 1850 530 1891 vers
549 1827 655 1893 Germ.
679 1831 742 1897 vol.
766 1831 806 1904 V,
829 1834 920 1912 1803,
938 1852 971 1913 p.
995 1849 1036 1910 93
1063 1831 1179 1893 diserte
1202 1831 1300 1915 docet
1323 1829 1412 1910 pacis
1436 1848 1508 1890 con·

198 1940 395 2002 'dicionibus
417 1939 568 2002 omnibus
591 1939 862 2014 Atheniensibus,
893 1940 1098 2022 trigintaviris
1121 1950 1155 2004 et
1178 1939 1339 2003 nonnullis
1362 1939 1431 2001 aliis
1454 1959 1505 2000 ex·

215 2051 326 2132 ceptis,
352 2050 420 2113 iura
444 2051 590 2112 restituta
613 2071 694 2125 esse,
724 2071 834 2113 ›werm
857 2052 902 2114 sie
926 2051 1187 2133 Friedlertigkeit
1219 2049 1284 2112 und
1307 2049 1389 2111 ¹eine
1413 2048 1506 2129 allge-

217 2161 323 2223 meine
353 2161 527 2223 Amnestie
562 2159 677 2222 eidlich
710 2161 939 2242 angelobtem,
966 2171 997 2224 et
1028 2184 1050 2244 p
1090 2178 1150 2242 97,
1179 2168 1353 2242 postquam
1387 2157 1508 2220 bellum

215 2271 415 2334 Eleusinium
440 2273 596 2346 narravit,
621 2272 714 2336 dicit:
754 2272 974 2354 ›Vorschlage
1004 2293 1077 2335 zum
1100 2272 1237 2334 Frieden
1268 2269 1334 2331 und
1358 2290 1396 2330 zu
1421 2269 1508 2330 einer

214 2381 476 2446 vollkommenen
501 2383 670 2446 Amnestie
693 2382 825 2445 wurden
848 2382 968 2464 gethan
991 2385 1056 2446 und
1078 2401 1349 2464 angenommenr.
1388 2381 1423 2444 ln
1447 2383 1506 2465 pri·

215 2513 271 2556 ore
295 2493 393 2572 igitur
414 2493 574 2555 sententia
597 2493 696 2556 verbo
724 2489 1020 2575 ›Friedfertigkeit‹
1049 2503 1134 2557 recte
1159 2493 1256 2556 vertit
1278 2493 1506 2576 Xenophontis

217 2601 366 2687 »εἰρήνην
387 2599 513 2686 ilum,-
527 2605 584 2666 sed
605 2603 720 2668 verba:
748 2603 832 2666 »und
849 2605 921 2667 eine
945 2604 1135 2686 allgemeine
1159 2603 1347 2667 Amnestier
1374 2624 1416 2666 ex
1438 2604 1503 2666 suis

213 2714 339 2776 addidit
360 2713 547 2776 iuramentis
566 2713 657 2796 apud
679 2715 885 2777 Andocidem
907 2714 1031 2777 traditis
1054 2714 1133 2778 falso
1156 2714 1220 2778 huc
1243 2714 1359 2778 relatis.
1399 2714 1508 2795 Quam

214 2824 282 2886 eius
303 2821 461 2886 rationem
484 2823 579 2905 plane
601 2824 702 2887 secuti
732 2832 807 2887 sunt
830 2824 989 2888 Thirlwall
1020 2825 1164 2906 »history
1194 2825 1233 2887 ol
1252 2821 1396 2887 Greece‹
1424 2825 1508 2886 Lon·

215 2934 280 2996 dini
302 2953 326 2996 s.
351 2954 379 2998 a.
403 2934 449 2996 lV
479 2956 509 3016 p.
534 2937 596 2998 208
621 2944 654 2998 et
674 2935 761 2997 Plass
789 2934 1004 2998 ›Geschichte
1028 2935 1084 2998 des
1109 2933 1194 2998 alten
1216 2933 1503 3007 Gricchenlands‹,

219 3047 310 3122 1834,
336 3044 378 3106 111
410 3066 442 3127 p.
472 3047 536 3134 483
567 3064 627 3124 sq,
663 3046 718 3127 qui
751 3045 873 3126 primus
908 3046 988 3108 inter
1022 3055 1184 3109 nostrates
1218 3046 1293 3108 huic
1328 3047 1506 3109 sententiae

214 3154 403 3237 astipulatus
427 3165 483 3218 est.

320 3265 385 3346 Qui
416 3285 489 3330 cum
521 3265 615 3348 plane
646 3265 847 3328 Mittordium
877 3276 1102 3347 sequerentur,
1139 3267 1190 3329 alii
1226 3267 1416 3339 extiterunt,
1454 3267 1508 3348 qui

214 3374 467 3458 Xenophontem
491 3377 582 3460 sequi
606 3376 726 3439 vellent
748 3385 907 3439 ettamen
930 3376 1014 3440 hanc
1036 3377 1169 3440 alteram
1193 3376 1386 3440 sententiam
1410 3377 1439 3438 ei
1463 3398 1507 3438 re·

214 3496 413 3568 pugnantem
438 3507 503 3550 non
534 3486 629 3570 plane
658 3484 816 3568 fugerent,
846 3497 881 3550 ut
903 3486 1030 3550 Sievers
1054 3489 1073 3554 l.
1098 3488 1127 3561 l.,
1154 3489 1208 3568 qui
1231 3492 1448 3570 quamquam,
1474 3497 1509 3550 ut

213 3615 311 3678 supra
343 3595 497 3671 diximuS,
532 3598 562 3662 in
592 3598 687 3660 rebus
717 3598 881 3660 narrandis
911 3598 1165 3681 Xenophontem
1198 3599 1360 3679 sequitur,
1396 3607 1510 3660 tamen

213 3727 245 3789 p.
270 3709 310 3786 87
342 3716 451 3772 annot.
488 3723 526 3769 10
554 3707 733 3770 Andocidis
760 3707 859 3770 verba
893 3707 935 3790 (p.
967 3708 1107 3788 3921,
1133 3710 1203 3792 81):
1240 3709 1323 3776 »Kal
1352 3704 1438 3791 ἔδοξε
1461 3707 1505 3791 μὴ

211 3829 419 3900 μνησικακεῖν
455 3814 608 3902 ἀλλήλοις
645 3824 714 3881 τῶν
743 3815 982 3902 γεγενημένωνι
1018 3820 1060 3880 ad
1085 3839 1199 3900 pacem
1234 3819 1377 3901 priorem
1400 3817 1504 3892 refert,

214 3934 246 3989 et
270 3924 437 3989 Schlosser
470 3927 763 4008 ›Weltgeschichte
792 3926 840 3990 fiir
863 3928 921 3990 das
954 3929 1111 3993 deutsche
1134 3927 1240 3993 Volks
1272 3949 1336 3991 cur.
1364 3929 1496 4010 Kriegk,

213 4036 254 4110 11,
277 4057 306 4103 a.
329 4039 421 4116 1844,
447 4059 478 4121 p.
501 4055 540 4116 14
556 4059 615 4120 sq.,
641 4047 672 4100 et
688 4037 815 4102 Curtius
831 4039 863 4100 in
877 4039 983 4121 prima
1006 4039 1157 4103 historiae
1181 4037 1327 4102 Graecae
1351 4039 1503 4113 editione,

211 4147 264 4221 ΙΙΙ,
289 4167 317 4211 a.
348 4149 440 4230 1867,
468 4169 499 4233 p.
525 4165 577 4224 40.
661 4185 663 4188 -

317 4258 483 4332 Attamen,
508 4258 564 4342 qui
580 4257 735 4321 Mitiordii
751 4256 999 4343 ceterorumque
1016 4261 1209 4323 sententiam
1230 4265 1409 4327 accuratius
1433 4283 1508 4325 cum

211 4367 265 4440 eis,
291 4388 376 4452 quae
404 4368 576 4450 scriptores
598 4369 739 4444 tradunt,
772 4379 987 4450 compararet,
1013 4391 1088 4433 eum
1113 4371 1299 4453 intellegere
1328 4374 1503 4456 oportebat

207 4497 281 4544 cum
304 4477 366 4543 hac
388 4479 548 4544 sententia
576 4499 758 4566 perpaucos
786 4478 876 4544 locos
907 4499 1096 4562 congruere,
1128 4484 1332 4568 quianullus
1357 4493 1415 4559 est,
1450 4485 1505 4569 qui
