3402 5172
211 527 243 581 et
266 518 515 581 Atheniensium
539 517 697 600 populum
720 529 815 582 antea
831 519 1059 582 deliberavisse
1083 525 1115 579 et
1138 518 1280 600 singulas
1295 517 1503 582 condiciones

211 629 336 704 iecisse,
367 632 590 712 composuisse
622 640 730 694 autem
761 651 877 713 pacem
908 650 1030 712 paucos
1062 627 1148 692 uiros
1172 651 1191 692 a
1214 630 1345 694 civitate
1369 628 1499 702 electoS,

123 729 128 746 ’
210 741 427 804 Athenienses
466 751 529 804 tres
559 741 761 823 totidemque
790 741 1083 820 Lacedaemonios,
1114 739 1298 804 Corinthios
1328 749 1438 804 autem
1469 749 1502 802 et

211 852 381 933 Sicyonios
412 862 444 915 et
472 853 681 934 Megarenses
710 851 821 926 binos,
853 851 1063 933 Epidaurium
1095 844 1203 913 unum.
1251 851 1361 931 Atque
1395 851 1501 914 eidem

214 964 332 1026 delude
355 963 558 1025 iureiurando
583 982 698 1043 pacem
720 972 920 1034 sanxerunt„

314 1072 519 1154 Quibuscum
550 1073 769 1154 comparanda
800 1082 876 1136 sunt
904 1083 1011 1136 cetera
1039 1045 1197 1154 exempla.
1253 1071 1499 1156 Condicionum,

210 1188 397 1268 συνθήιῶν,
427 1183 577 1262 exempla
605 1183 664 1262 alia
688 1183 847 1246 habemus
877 1184 964 1265 apud
994 1183 1096 1249 Thuc.
1125 1184 1158 1246 V
1186 1185 1232 1246 18.
1258 1199 1308 1262 23.
1332 1197 1385 1262 47,
1411 1185 1501 1246 cuius

209 1295 324 1378 lapidis
355 1292 761 1375 fragmentum-servatum
790 1293 965 1356 exhibetur
996 1295 1028 1356 in
1060 1293 1155 1376 Corp.
1187 1295 1282 1357 Inscr.
1307 1292 1377 1358 Att.
1401 1295 1449 1358 IV
1470 1315 1501 1375 p.

214 1421 254 1481 14
275 1427 333 1487 sq.‚
358 1406 513 1483 cuiusque
537 1402 675 1466 foederis
707 1405 853 1467 renovati
884 1405 1101 1486 fragmentum
1125 1412 1232 1466 exstat
1255 1404 1286 1466 in
1310 1402 1347 1471 C.
1371 1405 1395 1470 1.
1418 1405 1460 1468 A.
1485 1404 1499 1466 Ι

208 1537 241 1596 p.
268 1531 318 1594 30,
345 1514 462 1576 deinde
485 1513 571 1575 aliud
594 1513 780 1594 exemplum
802 1515 890 1598 apud
913 1515 994 1581 Xen.
1019 1514 1090 1577 hell.
1116 1514 1148 1577 V
1174 1531 1199 1588 1,
1224 1531 1275 1594 31,
1300 1514 1500 1597 aliorumque

212 1625 393 1707 fragmenta
423 1625 455 1686 in
485 1622 520 1686 C.
548 1625 569 1686 1.
594 1624 634 1687 A.
659 1625 673 1687 Ι
695 1644 726 1704 p.
757 1627 795 1687 16
824 1626 976 1705 idemque
1006 1625 1119 1687 melius
1148 1626 1195 1689 IV
1218 1646 1249 1706 p.
1279 1641 1326 1704 13,
1351 1626 1364 1686 1
1388 1646 1420 1707 p.
1447 1641 1499 1707 27,

209 1756 241 1816 p.
264 1751 313 1813 31,
339 1737 366 1798 11
387 1757 418 1817 p.
446 1749 473 1815 5,
499 1757 530 1817 p.
556 1751 607 1813 23,
625 1757 655 1819 p.
674 1751 726 1811 40.
743 1736 789 1797 IV
813 1755 843 1814 p.
867 1753 914 1808 10,
933 1757 963 1818 p.
986 1751 1033 1814 13,
1052 1757 1083 1818 p.
1105 1737 1217 1816 18sq.,
1236 1717 1329 1814 p.'2o
1344 1756 1402 1817 sq.‚
1422 1736 1498 1799 alia·

209 1846 355 1926 Quorum
379 1845 599 1927 compluribus
614 1847 712 1908 etiam
736 1846 777 1907 de
793 1846 995 1908 iurisiurandi
1018 1845 1155 1908 formula
1171 1845 1350 1908 accuratius
1374 1845 1497 1908 instrui·

209 1977 290 2030 mur,
324 1976 406 2037 quae
436 1975 534 2035 saepe
575 1957 605 2018 in
640 1956 884 2050 condicionibus
914 1956 1148 2036 praescribitur.
1196 1955 1399 2037 Plerumque·
1417 1958 1500 2036 paci·

209 2075 336 2128 scentes
351 2066 537 2148 simpliciter
553 2066 757 2128 iureiurando
774 2067 966 2148 pollicentur
981 2087 1016 2130 se
1039 2063 1100 2141 ταὶς
1124 2065 1292 2150 συνθήκας
1315 2075 1499 2129 servaturos

209 2197 288 2250 esse,
313 2174 474 2238 ut·Thuc.
498 2177 530 2238 V
558 2179 604 2249 18,
630 2194 668 2256 9:
703 2174 845 2259 »ἐμμενεῖν
876 2189 947 2252 ταῖς
971 2177 1152 2260 συνθήκαις
1175 2177 1323 2251 καὶτοῖς
1346 2177 1500 2254 σπονδαῖς

208 2287 314 2352 ταῖσδε
346 2287 478 2360 δικαίως
507 2287 561 2349 καὶ
593 2282 751 2361 enorme«,
775 2288 806 2348 V
829 2302 882 2367 47,
905 2305 942 2367 9:
979 2284 1123 2370 »ἐμμενῶ
1155 2290 1197 2370 τῇ
1224 2287 1384 2375 ξυμμαχίᾳ
1412 2285 1498 2352 κατὰ

207 2395 249 2462 τὰ
273 2398 462 2480 ξυγκείμενα
485 2397 617 2471 δικαίως
638 2398 693 2460 καὶ
715 2393 864 2477 ἀβλαβῶς
886 2398 940 2461 καὶ
970 2394 1097 2472 ἀδόλως
1125 2399 1179 2461 καὶ
1206 2393 1245 2461 οὐ
1276 2398 1500 2481 παραβήσομαι

204 2507 303 2591 ’τέχνῃ
334 2503 407 2571 οὐδὲ
434 2510 560 2591 μηχανή
587 2503 747 2597 uidemur,
780 2508 813 2570 C.
839 2508 862 2574 Ι,
888 2507 928 2570 A.
953 2509 966 2569 1
989 2530 1020 2591 p.
1057 2527 1093 2589 31
1127 2507 1376 2570 Atheniensium
1407 2508 1500 2570 iusiu-

208 2619 363 2684 randum:
389 2615 522 2700 [ἒμμενῶ
545 2620 622 2702 τοῖς]
647 2617 901 2701 ξυντιθεμήνοις
929 2651 961 2664 *-
981 2658 1023 2665 —
1041 2621 1114 2703 -lv
1136 2625 1261 2692 πιστῶς
1284 2617 1338 2682 καὶ
1362 2619 1411 2701 [—-
1438 2619 1496 2702 -ή,

205 2730 239 2790 111
262 2728 330 2790 aliis
354 2738 463 2790 autem
485 2728 630 2790 formulis
653 2749 799 2792 summae
823 2731 1030 2794 condiciones
1055 2728 1373 2809 comprehenduntur
1395 2737 1428 2792 et
1451 2750 1495 2792 re-

206 2848 368 2921 petuntur,
392 2848 427 2900 ut
452 2838 486 2900 C.
513 2839 535 2904 Ι.
561 2839 602 2900 A.
627 2840 640 2901 Ι
663 2862 695 2921 p.
727 2842 773 2915 16,
797 2862 828 2922 p.
855 2857 890 2918 31
918 2840 1142 2904 Bottiaeorum
1158 2837 1388 2911 iusiurandum,
1413 2839 1441 2901 11
1464 2859 1496 2918 p.

206 2966 242 3025 41
264 2950 354 3011 inser.
371 2966 424 3029 92,
440 2950 487 3016 IV
504 2972 533 3032 p.
558 2968 595 3011 10
611 2969 670 3030 sq.‚
689 2971 719 3031 p.
738 2965 779 3010 20
796 2968 854 3028 sq.‚
872 2947 952 3009 Xen.
970 2945 1042 3013 hell.
1060 2949 1105 3010 VI
1125 2961 1151 3026 5,
1170 2964 1198 3011 2.
1248 2949 1366 3011 Ratam
1388 2957 1498 3012 autem

206 3080 319 3141 pacem
344 3078 409 3122 non
433 3079 504 3122 esse
528 3059 646 3121 factam
670 3058 728 3120 nisi
753 3057 954 3119 iureiurando
979 3057 1056 3121 dato
1079 3067 1207 3141 praeter
1228 3059 1307 3121 alios
1329 3059 1419 3124 locos
1443 3059 1497 3122 do·

206 3179 258 3232 cet
280 3169 315 3232 C.
340 3170 362 3231 I:
388 3170 428 3231 A.
455 3169 484 3231 11
504 3190 536 3249 p.
561 3186 604 3245 40
629 3169 719 3232 inser.
745 3185 796 3248 90.

310 3280 438 3361 Quibus
462 3279 618 3362 expositis
642 3278 849 3342 manifestum
873 3287 931 3352 est,
964 3300 1019 3342 cur
1053 3281 1237 3362 pactiones,
1266 3281 1497 3361 cuiuscumque

205 3401 280 3452 sunt
294 3391 431 3472 geuene,
455 3398 612 3453 vocentur
639 3384 747 3472 »ὅρκοι
763 3389 816 3451 καὶ
840 3391 1035 3473 συνθήκαιι,
1053 3398 1088 3451 ut
1112 3389 1146 3453 C.
1164 3391 1186 3455 Ι.
1206 3390 1247 3455 Α.
1266 3390 1295 3452 ΙΙ
1312 3409 1343 3470 p.
1364 3407 1416 3466 40,
1442 3391 1497 3452 ite·

170 3483 173 3490 ¹
205 3523 275 3562 rum
301 3510 333 3564 et
364 3500 492 3584 saepius
509 3501 556 3561 'in
586 3500 632 3562 eis
663 3499 933 3581 inscriptionibus,
968 3520 1048 3581 quas
1077 3500 1178 3562 edidit
1200 3499 1322 3563 thler
1351 3500 1382 3562 in
1409 3499 1498 3561 ›Mit-

206 3611 392 3693 theilungen
406 3611 463 3673 des
477 3609 654 3672 deutschen
667 3607 972 3689 archaeologischen
984 3609 1146 3672 Instituts‹
1168 3613 1258 3692 1877,
1274 3631 1305 3692 p.
1325 3613 1425 3688 138—
1435 3623 1496 3689 154

205 3731 238 3784 et
265 3736 446 3801 197—213,
472 3721 547 3801 Lys.
565 3721 662 3782 1162.
690 3720 785 3782 Isocr.
811 3719 886 3780 VIII
902 3720 954 3798 96,
979 3719 1057 3782 XIV
1078 3736 1124 3792 12,
1149 3720 1244 3782 Dem.
1268 3719 1359 3782 XVII
1381 3720 1497 3783 iterum

205 3841 239 3894 et
259 3833 397 3913 saepiuS,
420 3829 528 3893 XXIII
554 3847 601 3902 10,
625 3829 703 3892 locis
727 3829 946 3911 compluribus
970 3829 1001 3891 in
1025 3833 1045 3911 ξ
1072 3845 1089 3910 7
1115 3831 1178 3892 iam
1201 3828 1352 3903 laudatis,
1389 3829 1499 3892 multis

205 3941 273 4003 aliis
297 3950 329 4003 et
351 3942 439 4024 apud
463 3940 524 4002 hos
548 3949 581 4002 et
597 3939 684 4021 apud
709 3939 787 4001 alios
810 3939 993 4021 scriptores
1041 3940 1167 4020 Quodsi
1190 3938 1314 4001 mireris
1337 3937 1499 4021 plerisque

206 4051 294 4125 locis,
318 4051 434 4133 quibus
451 4051 533 4113 haec
549 4051 614 4112 duo
631 4050 731 4111 verba
745 4051 992 4132 coniungantur,
1017 4049 1080 4114 dici
1107 4043 1218 4133 »ὅρκοι
1233 4050 1287 4113 καὶ
1304 4052 1499 4135 συνθῆκαιι,

206 4161 326 4246 paucis,
353 4170 387 4223 ut
411 4161 551 4242 exempli
573 4161 678 4242 gratia
701 4160 789 4241 apud
812 4160 887 4240 Lys.
913 4161 959 4222 VI
988 4178 1038 4240 39.
1063 4173 1116 4238 45,
1140 4160 1234 4222 XXV
1258 4176 1309 4238 34,
1333 4160 1429 4222 Isocr.
1455 4161 1502 4224 VI

208 4289 259 4343 21,
285 4271 379 4332 Dem.
397 4270 489 4333 XVII
508 4287 536 4344 2,
564 4274 748 4354 »συνθῆκαι
771 4270 825 4333 καὶ
848 4265 971 4354 ὅρκοιι,
998 4290 1195 4354 quamquam
1219 4290 1253 4332 re
1275 4290 1351 4331 vera
1373 4267 1406 4333 ai
1429 4287 1500 4334 συν-

204 4382 314 4466 θῆκαι
343 4399 473 4460 semper
508 4380 713 4455 antecedant,
739 4401 836 4443 causa
860 4381 908 4454 sit,
935 4380 1023 4466 quod
1047 4380 1248 4442 iurisiurandi
1281 4380 1388 4442 verbis
1418 4381 1502 4462 paci.

205 4499 341 4558 scentes
365 4488 611 4580 obstringuntur
627 4500 660 4560 et
674 4490 756 4559 haec
772 4491 815 4553 ita
832 4491 959 4583 gravior
981 4499 1056 4554 sunt
1071 4491 1160 4573 pacis
1183 4510 1266 4582 pars.
1313 4490 1503 4579 Eademque
