3402 5172
824 285 866 366 67

198 497 288 560 Haec
312 508 423 561 autem
447 498 625 580 publicatio
640 497 748 562 dilata
771 498 909 562 sortasse
932 507 1009 572 erat,
1035 507 1100 572 aut,
1126 492 1210 580 quae
1234 496 1394 590 sententia
1417 496 1495 562 mihi

196 607 330 688 quidem
348 609 389 671 ab
407 608 468 670 hac
493 609 640 671 oratione
666 629 730 671 non
755 610 859 671 aliena
882 631 953 672 esse
977 609 1113 697 yidetur,
1140 609 1297 671 hocloco
1322 621 1387 671 no'n
1409 609 1496 690 cogi-

196 718 331 780 tandum
356 731 405 782 est
429 721 470 783 de
488 721 634 782 omnium
652 721 932 808 trigintavirorum
949 719 1053 793 bonis,
1077 721 1135 781 sed
1153 740 1217 782 non
1242 739 1398 783 secusac
1414 737 1500 780 com-

195 827 343 908 pluribus
368 832 523 894 orationis
548 831 626 893 locis
647 839 758 892 orator
782 850 820 892 ea
843 832 885 893 de
908 830 1115 911 trigintaviris
1145 831 1279 892 omnino
1304 829 1499 913 dicit,1quae

195 939 236 1000 de
260 939 477 1003 Eratosthene
499 941 571 1002 solo
594 950 627 1003 et
650 939 795 1002 Phidone
821 940 960 1005 fortasse
985 941 1123 1002 dicenda
1146 929 1246 1006 erant.

302 1049 430 1130 Quibus
454 1051 621 1113 decausis
645 1052 670 1111 si
695 1051 763 1112 lieri
790 1071 855 1112 non
879 1060 997 1130 potest,
1024 1060 1066 1124 ut,
1087 1060 1263 1132 antequam
1287 1050 1367 1112 haec
1391 1051 1496 1112 oratio

193 1157 375 1234 haberetur,
413 1162 570 1223 amnestia
599 1161 805 1241 promulgata
835 1163 885 1235 sit,
921 1170 1049 1223 constat
1081 1161 1202 1224 nullam
1234 1161 1393 1222 rationem
1422 1159 1497 1222 huic

195 1271 332 1336 orationi
366 1288 440 1334 cum
469 1272 626 1333 amnestia
656 1272 863 1333 intercedere.
923 1270 1025 1334 Simul
1061 1280 1168 1334 autem
1203 1270 1285 1332 haec
1321 1271 1497 1352 disputatio

195 1398 316 1442 novum
341 1391 571 1461 argumentum
596 1382 715 1454 decis,
748 1403 832 1463 quae
863 1383 904 1444 de
933 1382 1092 1443 amnestia
1129 1382 1234 1456 docui,
1270 1380 1349 1442 mihi
1379 1399 1495 1462 suppe-

194 1490 282 1564 ditat,
309 1511 392 1563 nam‚
416 1493 442 1552 si
459 1499 534 1553 ante
556 1512 628 1554 eam
652 1493 810 1554 amnestia
823 1512 888 1555 non
905 1493 1035 1553 decreta
1049 1501 1116 1564 est,
1140 1492 1283 1572 sequitur
1300 1489 1494 1556 Grosserum

194 1609 226 1662 et
256 1609 382 1663 ceteros
406 1600 485 1663 lalso
509 1602 651 1683 priorem
675 1603 867 1664 amnestiam
891 1602 1051 1668 statuisse.
1099 1602 1213 1682 Atque
1243 1599 1380 1663 Grosser
1403 1621 1434 1683 p.
1453 1616 1492 1680 32

194 1712 262 1790 ipse
302 1713 451 1797 concedit
508 1711 755 1775 Eratosthenem
793 1733 858 1774 non
889 1713 1047 1773 amnestia
1076 1713 1181 1773 nisum
1211 1731 1282 1772 esse
1322 1713 1379 1773 sed
1419 1711 1494 1774 ami-

195 1841 306 1884 corum
339 1824 530 1902 patrocinio,
578 1822 644 1886 Sed
675 1843 782 1886 nonne
812 1823 954 1886 maxime
983 1832 1238 1884 consentaneum
1270 1831 1318 1884 est
1349 1841 1424 1882 eum
1454 1820 1495 1882 ad

196 1931 282 1992 illam
315 1931 527 2012 refugiturum
561 1931 673 2006 fuisse,
705 1935 730 1995 si
755 1954 789 1996 re
817 1955 893 1996 vera
915 1932 1046 1996 luisset?
1085 1931 1181 1994 Certe
1212 1931 1432 2012 respondisset
1461 1951 1495 1992 se

192 2043 369 2120 amnestiae
382 2043 572 2124 participem
591 2061 670 2115 esse,
688 2044 793 2124 quiaa
809 2045 1086 2124 trigintavirorum
1098 2051 1191 2122 p'arte
1204 2041 1301 2124 plane
1309 2041 1494 2103 secessisset

193 2160 225 2212 et
247 2152 362 2213 ceteris
386 2152 516 2214 urbanis
540 2155 801 2215 annumerandus
825 2162 919 2227 esset,
937 2163 993 2215 aut
1014 2173 1050 2214 se
1067 2154 1228 2215 rationem
1245 2153 1379 2215 reddere
1403 2172 1492 2234 para-

191 2270 260 2322 tum
284 2280 388 2340 eaque
419 2262 545 2324 reddita
574 2263 780 2324 amnestiam·
797 2263 986 2325 meriturum
1018 2281 1098 2335 esse,
1142 2282 1280 2342 quorum
1317 2261 1493 2324 rectissime

191 2370 269 2432 illud
292 2372 488 2450 respondere
512 2381 650 2454 poterat,
676 2382 710 2434 ut
734 2371 870 2436 Grosser
893 2374 962 2455 ipse
986 2361 1074 2434 recte
1099 2373 1235 2455 exponit
1258 2372 1276 2433 l.
1293 2372 1311 2433 l.
1337 2393 1368 2452 p.
1396 2372 1438 2432 26
1461 2381 1493 2433 et

192 2483 222 2542 in
245 2501 318 2543 ann.
343 2481 397 2563 ph.
424 2490 456 2543 et
480 2501 510 2560 p.
534 2480 575 2545 IC
599 2502 629 2562 p.
662 2497 752 2562 195*
779 2483 906 2564 Quodsi
938 2482 988 2544 his
1020 2483 1061 2544 de
1092 2483 1197 2545 causis
1227 2481 1492 2543 verisimillimum

191 2599 239 2652 est
263 2610 336 2653 eum
361 2593 518 2654 amnestia
542 2613 612 2654 sese
636 2593 720 2655 tueri
744 2603 936 2657 conaturum
960 2593 1065 2667 fuisse,
1106 2613 1172 2656 non
1196 2591 1301 2653 minus
1330 2610 1371 2652 ex
1401 2611 1491 2654 accu-

189 2702 305 2762 satoris
330 2721 388 2762 usu
413 2722 473 2783 pro
497 2713 586 2765 certo
611 2703 798 2766 habendum
823 2713 872 2767 est
894 2705 1027 2786 Lysiam
1050 2703 1114 2766 hoc
1149 2711 1491 2784 argumentum-prae·

189 2821 394 2894 sumpturum
422 2811 529 2878 fuisse.
1373 2829 1375 2834 ’

297 2921 475 3000 Quomodo
500 2926 520 3002 ξ
545 2935 583 3001 35
611 2924 711 2985 verba
736 2922 831 2997 »roric
861 2923 1041 3007 τριάκοντα
1071 2922 1329 3007 ἐκκηρύττουσιν
1344 2919 1392 2985 ’ἐκ
1411 2927 1491 2984 ,τῶν

191 3029 342 3094 πόλεων(
369 3032 513 3110 intellegi
537 3031 645 3106 velim,
671 3053 770 3113 supra
793 3035 825 3114 (ξ
854 3037 903 3116 17)
927 3036 991 3096 iam
1015 3035 1160 3114 exposui.

297 3143 445 3223 Denique
470 3141 606 3204 Grosser
630 3143 647 3205 l.
663 3143 736 3223 l.-p.
765 3161 807 3222 29
830 3145 918 3206 etin
940 3163 1012 3209 ann.
1037 3143 1092 3226 ph.
1118 3153 1150 3205 et
1173 3164 1205 3224 p.
1230 3142 1272 3205 lC
1294 3166 1325 3227 p.
1356 3142 1416 3222 196
1435 3163 1487 3226 sq.

191 3252 222 3312 in
246 3252 306 3314 hac
331 3254 480 3315 oratione
503 3253 586 3314 duos
610 3253 700 3316 locos
717 3254 847 3328 invenit,
873 3254 926 3334 qui
944 3255 973 3316 ei
993 3255 1217 3316 demonstrare
1241 3253 1392 3315 videntur
1408 3252 1489 3314 inter

188 3381 303 3440 pacem
327 3361 544 3444 compositam
574 3373 606 3426 et
637 3364 757 3425 bellum
787 3363 994 3425 Eleusinium'
1018 3362 1144 3425 finitum
1175 3363 1303 3443 longius
1333 3363 1489 3444 temporis

187 3473 328 3550 spatium
363 3473 567 3535 interiectum
604 3493 691 3546 esse,
725 3474 779 3555 qui
811 3483 919 3536 tamen
948 3493 981 3534 re
1004 3494 1080 3534 vera
1108 3493 1173 3534 non
1201 3472 1304 3534 multo
1336 3471 1408 3554 plus
1436 3472 1487 3533 de-

190 3590 372 3643 monstrant
407 3603 504 3662 quam
536 3602 600 3644 uno
642 3583 695 3644 die
728 3583 790 3646 hoc
825 3582 945 3645 bellum
980 3604 1045 3645 non
1081 3603 1151 3644 esse
1185 3581 1375 3664 perlectum,
1412 3571 1487 3643 nam

189 3694 208 3770 ξ
233 3693 292 3758 80:
322 3686 411 3775 »μηδ’
435 3687 554 3755 ἀποῦσι
577 3691 636 3774 μὲν
659 3704 727 3766 τοῖς
750 3691 929 3775 τριάκοντα
952 3689 1195 3772 ἐπιβουλεύετε(
1221 3701 1254 3754 et
1277 3695 1373 3772 §941
1402 3703 1488 3764 »τοῖς

188 3803 353 3884 πολεμίως
374 3799 537 3885 μάχεσθε(
565 3801 640 3863 nihil
658 3803 881 3864 demonstrant
905 3803 965 3862 nisi
989 3811 1058 3864 tum
1082 3802 1144 3864 hoc
1169 3800 1287 3864 bellum
1314 3802 1376 3863 iam
1397 3821 1486 3884 para-

188 3919 258 3972 tum
286 3922 319 3974 et
342 3921 497 3993 coeptum
522 3931 600 3973 esse.
650 3913 737 3992 Quin
762 3913 869 3986 etiarn,
894 3913 920 3972 si
945 3921 1031 3974 recte
1062 3909 1142 3974 haec
1165 3931 1263 3974 causa
1286 3930 1384 3992 quam
1415 3929 1487 3988 pro·

184 4021 272 4082 xime
296 4031 371 4103 post
396 4023 562 4085 introitum
588 4022 736 4083 exsulum
761 4023 792 4082 in
817 4023 930 4084 urbem
954 4023 1100 4086 instituta
1124 4035 1195 4082 esse
1219 4029 1361 4102 putatur,
1380 4037 1486 4098 neque

166 4125 355 4192 'verisimile
378 4141 426 4194 est
450 4152 509 4212 per
531 4132 667 4212 longum
699 4140 829 4212 tempus
852 4131 928 4193 illud
952 4131 1073 4193 bellum
1105 4131 1247 4192 ductum·
1270 4149 1361 4218 esse.
1376 4130 1486 4216 potius

184 4259 225 4301 ex
247 4239 298 4303 his
321 4240 448 4304 duobus
464 4242 543 4304 locis
559 4241 733 4304 concludas
756 4260 821 4302 non
840 4241 894 4302 diu
919 4251 996 4324 post
1012 4240 1160 4302 exsulum
1177 4240 1314 4300 reditum
1331 4235 1485 4302 Eleusina

184 4335 348 4428 receptam
372 4359 404 4412 et
429 4353 620 4414 amnestiam
644 4352 808 4414 decretam
833 4371 914 4417 esse.

289 4460 376 4521 Vero
400 4462 586 4541 proximum
610 4471 659 4524 est
682 4461 935 4524 Eratosthenem
957 4462 1145 4524 absolutum
1170 4479 1255 4534 esse,
1282 4466 1485 4537 etquattuor

1272 4575 1303 4641 ⁵*
