3402 5172
821 296 858 363 55

191 490 292 580 πόλιν
314 485 479 579 ἡγήσαντο
501 488 602 558 εἶναι(
628 505 662 558 et
685 497 726 560 ΙΙΙ
752 500 832 564 208:
861 495 906 560 >el
931 496 980 560 ool
1003 483 1086 580 ἦσαν
1108 487 1213 578 όμοιοι
1235 493 1265 560 οἱ
1288 493 1356 560 ἀπὸ
1383 499 1496 581 Φυλῆς

192 602 358 686 φεύγοντα
382 603 441 668 τόν
458 605 559 690 δῆμον
573 605 824 688 καταγαγόντες,
849 603 910 670 οὐκ
934 601 976 670 όν
996 605 1075 670 καθ’
1094 598 1114 690 ἡ
1130 605 1327 690 δημοκρατία
1341 605 1493 690 κατέστη.

192 717 253 778 νῦν
276 715 309 778 (λε
331 714 446 780 ἐκεῖνοι
469 714 528 798 μὲν
543 715 702 798 μεγάλων
722 720 837 782 κακῶν
861 714 1059 799 συμβάντων
1081 713 1209 780 ἔσωσαν
1238 714 1301 800 τὴν
1331 714 1430 780 πόλιν
1452 714 1493 780 τὸ

191 823 369 890 κάλλιστον
391 823 428 889 ἐκ
451 825 597 899 παιδείας
617 818 709 910 (σῆμα
733 826 973 909 φθεγξάμενοι,
1003 825 1047 909 μη
1070 838 1318 910 ’μνησικακεῑνα
1365 825 1494 904 Utrum-

192 956 257 1016 que
281 935 389 997 locum
411 937 488 998 dicit
510 936 596 998 haud
620 936 719 999 dubie
743 937 854 1000 testari
878 937 1071 998 amnestiam
1102 937 1241 1016 primam
1264 936 1491 998 condicionem

192 1047 283 1124 pacis
306 1048 388 1110 inter
412 1048 541 1110 exsules
571 1056 604 1109 et
634 1047 774 1110 urbanos
804 1046 1058 1110 reconciliandae
1089 1046 1187 1109 fuisse
1216 1055 1263 1110 et.
1277 1046 1388 1108 statim
1418 1057 1495 1134 post

192 1157 331 1218 reditum
355 1157 561 1239 Thrasybulo
583 1167 617 1219 et
640 1157 786 1220 Archino
810 1157 998 1220 auctoribus
1022 1157 1227 1220 iureiurando
1245 1165 1397 1230 ,sanctam
1412 1175 1493 1222 esse.
1564 1171 1566 1174 ·

193 1264 259 1328 Sed
286 1267 384 1328 etiam
415 1267 495 1335 haec
519 1276 568 1330 est
593 1287 675 1330 vana
699 1267 820 1345 opinio,
867 1267 958 1332 Pacis
983 1267 1116 1345 eiusque
1140 1267 1368 1332 condicionum
1386 1275 1495 1328 orator

193 1377 326 1439 omnino
350 1396 416 1438 non
440 1376 513 1438 lacit
535 1377 745 1450 mentionem,
770 1378 811 1440 de
827 1377 1031 1456 temporibus
1046 1386 1156 1439 autern
1174 1396 1246 1438 mea
1269 1376 1400 1457 quidem
1423 1395 1494 1438 sen-

191 1485 294 1548 tentia
317 1486 394 1548 nihil
417 1508 458 1549 ex
481 1488 533 1550 his
555 1487 634 1550 locis
656 1487 765 1566 colligi
790 1495 909 1566 potest,
936 1507 1010 1552 nam
1035 1507 1100 1550 non
1124 1496 1183 1562 est,
1213 1487 1301 1566 quod
1325 1506 1390 1550 non
1407 1487 1493 1566 cogi·

191 1604 298 1660 temus
321 1596 362 1660 de
386 1599 544 1660 amnestia
569 1617 634 1660 non
656 1598 767 1660 statim
791 1607 867 1680 post
900 1598 1046 1661 exsulum
1069 1597 1216 1664 ¹reditum
1249 1597 1388 1660 decreta.
1435 1596 1495 1660 Est

191 1715 301 1768 autem
324 1707 379 1781 εἰς,
404 1708 460 1789 qui
483 1729 595 1770 secum
620 1716 770 1790 reputant
787 1706 978 1770 Grosserum
1002 1706 1153 1769 omnibus
1176 1707 1264 1780 locis,
1282 1707 1401 1791 quibus
1424 1726 1495 1788 par·

190 1816 336 1896 ticipium
361 1816 583 1892 κατελθόντες
606 1817 740 1900 legatur,
766 1819 957 1882 amnestiam
981 1817 1100 1879 docere
1117 1838 1190 1878 cum
1208 1818 1311 1881 reditu
1328 1817 1492 1896 coniungi,

192 1946 297 2008 paene
321 1928 505 1990 mirandum
529 1949 613 2010 eum
628 1949 670 1990 ex
691 1928 740 1991 his
765 1928 893 1992 duobus
915 1928 993 1990 locis
1017 1947 1083 1990 non
1107 1927 1277 2007 collegisse
1299 1927 1495 1990 amnestiam

184 2038 321 2118 tertiam
345 2039 508 2100 decretam
533 2059 614 2111 esse,
641 2039 836 2121 simulatque
852 2039 980 2108 exsules
996 2037 1096 2118 Phyle
1121 2058 1162 2098 ex
1186 2037 1308 2099 arcein
1325 2037 1494 2100 Piraeeum

191 2147 443 2222 descendissent,
467 2149 516 2210 ie.
542 2169 601 2210 sex
624 2158 793 2232 septemve
817 2150 992 2222 mensibus,
1017 2159 1193 2228 antequam
1216 2167 1283 2228 pax
1312 2145 1494 2226 reconcilia-

192 2266 285 2319 retur.
334 2251 434 2337 Quod
457 2259 611 2339 quoniam
636 2277 700 2332 non
724 2259 865 2338 collegit,
892 2261 962 2338 ipse
993 2258 1133 2322 affirmat
1156 2268 1250 2342 recte·
1266 2279 1319 2320 me
1344 2279 1382 2322 ea
1414 2256 1494 2320 relu-

189 2368 318 2440 tavisse,
344 2387 428 2448 quae
452 2369 494 2430 de
516 2369 633 2431 ceteris
656 2367 840 2431 huiusmodi
865 2370 943 2432 locis
968 2371 1124 2452 disputat.
1172 2369 1268 2430 Nullo
1290 2377 1399 2432 autern
1427 2369 1495 2430 iure

190 2477 239 2538 his
261 2477 339 2540 locis
363 2478 527 2540 adduntur
550 2498 597 2551 ea,
624 2499 708 2559 quae
732 2481 974 2545 Demosthenes
996 2482 1058 2544 XX
1090 2497 1123 2542 11
1160 2488 1193 2542 et
1230 2494 1266 2540 12
1297 2479 1385 2552 dicit,
1411 2497 1496 2559 quae

190 2587 289 2650 verba
306 2608 371 2651 non
395 2608 514 2670 operae
538 2590 678 2668 pretium
702 2601 752 2652 est
775 2592 896 2664 afferre,
915 2612 989 2654 nam
1007 2591 1114 2658 verbis
1134 2592 1212 2674 »τῆς
1228 2583 1378 2672 ὁμονοίας
1394 2600 1493 2672 σημεῖ-

188 2720 245 2762 ονι
264 2709 297 2760 et
317 2698 377 2783 »μὴ
400 2703 494 2764 λῦσαι
512 2702 583 2764 τῶν
598 2692 856 2782 ὡμολογημένων
867 2698 995 2782 μηόένι,
1013 2709 1241 2781 praeterquam
1265 2697 1354 2778 quod
1367 2699 1413 2770 de,
1425 2698 1495 2763 sola

192 2829 273 2888 pace
296 2810 438 2890 intellegi
469 2819 615 2892 possunt,
641 2831 682 2874 eo
718 2811 823 2872 minus
855 2807 991 2872 Grosser
1023 2810 1081 2871 niti
1114 2819 1240 2892 potest,
1268 2809 1345 2890 quia
1376 2809 1493 2871 verba:

191 2913 231 3003 »ἡ
264 2918 360 2994 πόλις
386 2919 436 2994 ,εἰς
464 2917 501 2983 ἓν
534 2915 636 3004 ἦλθε(
674 2943 705 3003 p.
739 2937 775 2982 21
810 2919 861 3004 (cl.
889 2941 981 2982 meae
1012 2921 1249 2982 dissertationis
1274 2920 1291 3003 ς
1335 2920 1386 3000 18)
1405 2918 1494 3001 ,ipse

191 3029 302 3092 docuit
326 3030 367 3091 de
391 3033 551 3093 amnestia
574 3040 651 3108 post
674 3030 918 3111 expeditionem
941 3030 1141 3092 Eleusiniam
1158 3017 1289 3092 decreta
1310 3027 1493 3109 intellegen-

190 3139 231 3201 da
255 3159 336 3213 esse,
361 3160 460 3223 quam
483 3140 526 3201 ob
550 3160 618 3202 rem
649 3141 747 3202 etiam
771 3149 878 3202 cetera
911 3149 1029 3221 postea
1058 3139 1149 3202 facta,
1179 3159 1251 3202 esse
1283 3137 1494 3200 statuendum

192 3250 221 3314 ei
246 3259 304 3312 est.

296 3361 332 3423 In
356 3361 417 3434 εἰς,
451 3381 535 3442 quae
564 3343 740 3442 Dionysius
774 3361 834 3423 »de
857 3360 976 3440 Lysia«
1009 3381 1036 3422 c,
1066 3375 1106 3439 32
1133 3360 1173 3421 de
1197 3359 1316 3441 Lysiae
1338 3357 1494 3420 orationis

191 3485 233 3547 34
259 3479 452 3550 argumento
477 3472 573 3544 dicit,
606 3472 647 3532 de
678 3471 796 3550 quibus
827 3463 1007 3534 accuratius
1031 3467 1113 3532 infra
1135 3469 1168 3549 (ξ
1193 3471 1246 3551 27)
1270 3467 1494 3530 disserendum

191 3580 269 3644 erit:
290 3589 368 3644 »τοῦ
391 3579 492 3664 δῆμον
508 3579 731 3655 κατελθόντος
747 3578 783 3644 ἐκ
796 3583 957 3665 Πειραιῶς
969 3579 1023 3642 καὶ
1036 3579 1265 3662 ψηφισαμένοο
1277 3577 1495 3650 διαλύσασθαι

191 3688 274 3772 πρὸς
297 3688 375 3764 τοὺς
398 3687 434 3753 ἐν
458 3684 547 3754 ἄστει
570 3690 625 3753 καὶ
646 3689 780 3774 μηδενός
804 3699 873 3754 τῶν
889 3689 1369 3774 γεγενημένων.μνησικακεινκ,
1394 3707 1493 3750 secer·

192 3808 310 3862 nuntur
334 3801 455 3864 reditus
479 3811 512 3861 et
535 3801 694 3862 amnestia
718 3802 770 3874 ita,
796 3810 830 3862 ut
855 3821 919 3861 non
945 3799 1081 3862 multum
1104 3799 1260 3880 temporis
1278 3796 1493 3878 intermissum

191 3929 262 3972 esse
286 3910 451 3986 videatur,
486 3910 518 3971 id
552 3911 762 3989 quodetiam
786 3910 829 3972 ob
853 3909 931 3970 alias
955 3929 1070 3970 causas
1100 3906 1269 3988 verisimile
1292 3926 1363 3968 esse
1387 3925 1493 3988 neque

192 4018 254 4080 ulla
284 4017 510 4102 refellisupra
542 4020 844 4092 demonstravimus,
876 4019 934 4080 sed
968 4018 1045 4080 nihil
1080 4018 1145 4079 sere
1174 4017 1405 4089 intermissum,
1422 4035 1494 4092 esse

193 4148 257 4189 non
280 4137 339 4200 est,
365 4149 420 4192 cur
437 4150 486 4198 ,ex
501 4131 546 4193 eis
570 4129 747 4210 colligatur.
796 4129 889 4194 Bene,
903 4137 1014 4189 autem
1037 4128 1086 4188 his
1110 4127 1218 4189 verbis
1236 4126 1495 4207 comprobantur

192 4257 246 4312 ea„
263 4257 347 4318 quae
369 4257 467 4318 supra
490 4240 519 4320 (ᾗ
545 4240 575 4322 γ)
599 4239 742 4328 conieci,¹
757 4238 926 4324 quomodo
950 4238 1110 4301 amnestia
1133 4238 1262 4316 decreta
1285 4236 1344 4309 sit,
1370 4253 1495 4298 name

191 4349 316 4416 verbis:
346 4348 592 4430 »ψηφισαμένου
625 4347 914 4412 trainensem
940 4348 995 4411 καὶ
1026 4344 1192 4431 μηδενὸς.
1209 4395 1238 4407 ..
1262 4356 1490 4429 μνησικακεῖν(

193 4458 297 4521 elucet
333 4458 518 4538 pactionem
553 4458 651 4520 fuisse
684 4457 875 4521 amnestiam
909 4457 991 4520 inter
1026 4457 1154 4518 exsules
1186 4466 1219 4534 et
1247 4455 1396 4538 urbanos
1445 4455 1494 4532 Ne
