3402 5172
823 311 857 382 31

190 537 275 579 anno
301 533 373 598 399,
398 518 545 580 habitam
569 538 648 580 esse.
698 519 774 599 Quo
798 519 930 581 tandem
954 519 1055 582 modo
1085 528 1155 582 tum
1182 519 1245 584 hoc
1269 521 1491 584 iusiurandum

188 629 294 691 valere
325 629 450 710 potuit,
490 629 516 689 si
546 629 634 710 prior
673 629 830 694 amnestia
860 649 899 690 eo
929 639 1042 692 sancta
1074 630 1162 693 erat?
1207 627 1290 694 Nam
1315 632 1341 692 si
1373 631 1426 693 illa
1460 651 1490 692 a·

190 740 329 802 mnestia
353 739 454 801 altera
479 739 609 801 decreta
632 750 727 802 aucta
751 751 784 803 et
807 750 932 804 mutata
964 751 1065 813 esset,
1097 742 1271 820 oportebat
1301 743 1489 822 posterioris

189 850 409 912 iusiurandum
434 860 503 912 turn
520 851 634 924 valere,
661 851 798 914 alterum
815 862 927 914 autem
944 851 1058 914 falsum
1075 861 1152 924 erat,
1171 853 1325 933 quoniam
1341 851 1487 914 Grosseri

186 962 347 1022 sententia
369 962 561 1042 trigintaviri
579 961 736 1025 interfecti
755 971 786 1024 et
803 963 1012 1024 undecimviri
1030 962 1268 1042 decemvirique
1291 963 1503 1057 Piraeenses,¹

186 1091 268 1150 quos
300 1072 375 1134 addi
406 1072 490 1145 vult,
523 1082 592 1134 turn
623 1071 801 1136 amnestiae
833 1075 977 1155 exempti
1008 1093 1072 1134 non
1103 1083 1202 1138 erant.
1250 1075 1346 1135 Esset
1374 1083 1484 1135 autem

186 1182 218 1243 id
244 1202 375 1263 quoque
399 1182 514 1245 falsum
539 1204 653 1245 omnes
677 1185 779 1256 civeS,
805 1183 893 1263 apud
917 1203 1000 1263 quos
1023 1183 1213 1246 Andocides
1237 1203 1366 1246 causam
1397 1183 1485 1254 dicit,

185 1292 248 1353 hoc
281 1294 485 1360 iureiurando
520 1295 694 1356 obstrictos
730 1314 809 1366 esse,
847 1315 921 1356 nam
952 1294 1041 1376 prior
1075 1295 1233 1358 amnestia
1268 1294 1382 1356 sanciri
1418 1313 1483 1354 non

185 1405 302 1485 potuit,
328 1405 386 1465 nisi
412 1405 454 1466 ab
478 1405 532 1478 eiS,
559 1405 613 1484 qui
634 1406 666 1466 in
683 1407 763 1467 urbe
780 1415 972 1477 manserant,
996 1414 1036 1478 et,
1057 1405 1111 1484 qui
1135 1425 1153 1466 e
1176 1405 1307 1467 Piraeeo
1323 1405 1354 1466 in
1371 1403 1485 1466 urbem

186 1515 356 1588 redierant,
383 1535 468 1576 anno
491 1525 601 1577 autem
628 1532 692 1595 399
716 1516 745 1577 ei
770 1534 902 1594 quoque
933 1535 1047 1578 omnes
1077 1517 1108 1577 in
1140 1517 1218 1578 urbe
1249 1515 1396 1590 aderant,
1430 1514 1484 1594 qui

186 1645 259 1687 cum
290 1625 500 1706 trigintaviris
523 1625 674 1688 Eleusine
705 1637 761 1688 aut
790 1626 854 1688 iarn
886 1625 1013 1688 fuerant
1044 1637 1099 1688 aut
1123 1627 1211 1707 pacis
1234 1625 1480 1690 condicionibus

185 1736 378 1817 compositis
401 1737 443 1798 ad
468 1756 525 1798 eos
548 1757 582 1797 se
606 1736 818 1802 contulerant.

292 1847 421 1927 Quibus
445 1847 485 1909 de
509 1849 615 1908 causis
637 1867 712 1909 curn
744 1847 807 1908 hoc
843 1847 1062 1910 iusiurandum
1095 1867 1160 1908 non
1193 1847 1234 1909 ad
1258 1847 1352 1910 aliam
1377 1866 1484 1908 amne·
1538 1921 1542 1929 Ι

185 1959 280 2020 stiam
314 1979 413 2040 quam
443 1967 586 2019 nostram
611 1977 708 2018 unam
733 1954 842 2020 referri
865 1961 977 2037 possit,
1003 1959 1064 2022 hac
1086 1979 1183 2022 causa
1213 1958 1317 2021 coacti
1347 1977 1412 2018 non
1434 1977 1483 2018 su-

186 2087 259 2129 mus
293 2087 367 2128 curn
391 2065 549 2128 Grossero
583 2067 758 2150 multisque
794 2067 863 2129 aliis
896 2089 968 2130 earn
1003 2069 1186 2144 lectionem,
1223 2089 1320 2149 quarn
1354 2068 1484 2128 codices

186 2178 354 2256 praebent,
381 2187 516 2240 mutare.
563 2179 680 2240 Exstat
703 2179 806 2240 enim:
835 2180 907 2242 »nol
931 2175 970 2242 σύ
991 2180 1223 2264 μνησικακήσω
1244 2186 1314 2242 τῶν
1337 2179 1484 2241 πσλιτῶν

186 2283 292 2350 οὐδενὶ
316 2287 405 2370 πλὴν
428 2295 497 2351 τῶν
520 2287 700 2371 τριάκοντα
723 2290 777 2352 καὶ
801 2298 870 2354 τῶν
900 2285 1044 2356 ἕνδεκαι,
1093 2287 1258 2370 Quoniam
1290 2298 1399 2352 autern
1421 2287 1482 2350 Xe-

187 2399 318 2476 nophon
343 2398 361 2459 l.
377 2398 394 2458 l.
421 2419 439 2460 a
462 2418 543 2478 pace
560 2399 709 2460 exclusos
732 2409 861 2478 praeter
876 2399 935 2461 hos
953 2401 1051 2462 etiam
1074 2401 1276 2462 decemviros
1296 2399 1482 2462 Piraeenses

188 2507 285 2581 affert,
315 2508 473 2581 Valesius,
507 2528 604 2589 quern
637 2508 814 2572 Schneider
844 2520 876 2572 et
899 2511 1091 2588 Turicenses
1122 2510 1224 2572 secuti
1247 2519 1331 2582 sunt,
1357 2509 1482 2571 addidit

186 2619 283 2679 verba
310 2619 475 2682 »καὶτῶν
508 2618 620 2692 δίκαι,
652 2621 705 2703 qui
732 2623 928 2694 accuratius,
959 2642 1000 2683 ne
1029 2641 1104 2682 cum
1136 2621 1325 2682 decemviris
1353 2620 1482 2681 urbanis

185 2731 479 2803 commiscerentur,
512 2730 699 2792 nominandi
731 2742 820 2794 erant
848 2739 935 2795 »τῶν
964 2729 1000 2795 ἐν
1023 2734 1167 2815 Πειραιεῖ
1187 2729 1281 2795 dixu<
1316 2730 1366 2791 vel
1394 2737 1481 2794 »τῶν

183 2835 219 2902 ἐν
241 2841 385 2922 Πειραιεῖ
406 2836 581 2924 ἀρξάντων
603 2839 711 2914 dixu«,
737 2861 821 2921 quae
852 2844 950 2904 verba
980 2843 1159 2911 necessarie
1191 2842 1289 2904 etiam
1312 2839 1479 2910 Grosser0,

184 2949 346 3031 quiahoc
371 2951 592 3012 iusiurandum
615 2953 657 3013 ad
681 2953 823 3031 priorem
847 2953 1041 3017 amnestiam
1064 2973 1156 3016 suarn
1181 2952 1287 3025 refert,
1312 2951 1481 3014 inserenda

184 3070 268 3125 sunt.
316 3060 390 3141 Qua
413 3063 592 3124 mutatione
616 3083 725 3124 carere
749 3074 887 3142 possunt
910 3065 949 3137 ei,
975 3065 1031 3147 qui
1055 3065 1160 3135 sciunt
1183 3062 1263 3124 falso
1286 3060 1366 3123 haec
1381 3062 1481 3122 verba

184 3171 225 3232 ad
249 3170 476 3253 Xenophontis
499 3171 605 3234 locum
631 3172 797 3236 laudatum
821 3174 939 3247 referri,
964 3184 1005 3248 et,
1031 3185 1067 3236 ut
1091 3193 1188 3252 supra
1212 3173 1243 3254 (ξ
1267 3173 1299 3252 6)
1327 3172 1477 3252 exposui·

184 3301 265 3355 mus,
291 3283 481 3345 decemviris
504 3283 725 3346 Piraeensibus
750 3286 908 3347 amnestia
936 3285 1066 3354 decreta
1094 3284 1188 3347 venia
1220 3285 1295 3348 data
1326 3302 1396 3344 esse
1424 3301 1480 3360 po·

184 3401 257 3458 test.
296 3392 454 3455 Attamen
471 3396 717 3457 concedendum
734 3404 782 3456 est
799 3415 863 3456 non
880 3396 974 3457 valde
989 3395 1160 3457 verisimile
1177 3413 1247 3456 esse
1262 3391 1480 3455 Athenienses

182 3500 232 3564 his
254 3504 380 3564 veniam
405 3504 541 3578 dedisse,
567 3507 698 3578 ceteris,
730 3524 811 3586 quos
835 3527 855 3566 a
883 3525 966 3585 pace
996 3506 1214 3577 excluserant,
1246 3524 1311 3565 non
1341 3502 1478 3574 dedisse,

185 3632 290 3696 neque
314 3614 358 3674 ita
382 3613 553 3676 difficulter
575 3615 655 3678 haec
678 3615 778 3677 verba
802 3616 951 3680 excidere
974 3625 1158 3698 potuerunt.
1206 3614 1345 3676 Accedit
1368 3621 1478 3674 autem

182 3722 279 3802 aliud,
304 3725 393 3808 quod
418 3725 514 3786 etiam
539 3727 643 3806 magis
666 3727 760 3788 nobis
782 3747 912 3810 quoque
929 3728 1072 3800 suadeat,
1099 3736 1134 3788 ut
1158 3726 1243 3788 illam
1260 3724 1478 3786 coniecturam

182 3833 387 3913 accipiamus.
436 3835 537 3897 Meier
570 3837 629 3898 ›de
660 3837 755 3899 bonis
785 3837 1043 3911 damnatorum«,
1075 3859 1102 3900 a.
1131 3839 1223 3915 1819,
1249 3854 1280 3915 p.
1310 3837 1369 3898 188
1394 3832 1478 3894 hunc

181 3943 272 4005 affert
296 3945 403 4007 locum
421 3966 438 4007 e
454 3945 559 4007 lexico
576 3945 736 4009 rhetorico
761 3966 792 4026 p.
820 3961 892 4027 235,
912 3965 948 4026 31
978 3950 1134 4028 petitum:
1163 3946 1266 4011 »Δίκα
1292 3947 1379 4019 τινες
1401 3943 1477 4022 aiot,

180 4053 257 4116 δέκα
285 4049 368 4138 ἦσάν
394 4078 480 4132 τινες
513 4055 549 4120 ἐν
577 4059 722 4139 Πειραιεῖ
749 4054 779 4120 οἱ
818 4050 974 4140 ἄρξαντες
1002 4058 1088 4124 κατὰ
1119 4058 1180 4144 τὴν
1208 4055 1386 4141 τυραννίδα
1408 4062 1478 4118 τῶν

180 4163 368 4247 τριάκοντα.
394 4161 556 4231 ἀλλὰκαὶ
584 4167 789 4251 προσέταξαν
811 4164 923 4244 αὐτοῖς
945 4168 1089 4244 εὐθύνας
1116 4179 1177 4252 τῆς
1207 4165 1310 4251 ἀρχῆς
1333 4165 1475 4239 donnae«,

180 4294 264 4354 quae
286 4276 385 4336 verba
408 4295 473 4338 non
495 4279 578 4341 bene
595 4277 831 4358 intelleguntur,
856 4280 916 4340 nisi
933 4282 1103 4344 statuimus
1127 4279 1245 4341 eodem
1262 4278 1361 4339 modo
1378 4287 1476 4358 atque

177 4384 397 4463 trigintaviros
432 4389 620 4466 superstites
645 4398 677 4450 et
700 4389 851 4451 undecim
883 4392 981 4452 etiam
1009 4390 1069 4452 hos
1104 4392 1146 4452 ab
1179 4389 1353 4452 amnestiae
1377 4389 1472 4449 bene-

180 4490 253 4556 ficio
279 4494 428 4556 exclusos
452 4516 530 4572 esse,
555 4500 613 4561 sed
637 4501 762 4562 ratione
786 4501 911 4563 reddita
935 4502 1047 4563 exsilio
1071 4501 1198 4563 liberari
1221 4502 1267 4562 eis
1290 4499 1423 4560 licuisse.

1223 4616 1257 4686 4}
