3402 5172
832 310 872 386 63

207 523 379 586 Sokrates«
407 545 461 605 pp.
480 525 529 602 *36
552 523 650 600 et·46
672 518 915 596 demonstravit,
942 541 1140 604 quamquam
1156 525 1224 586 ‘sine
1250 507 1351 587 dubio
1365 539 1415 586 eo
1441 545 1504 587 ma-

207 635 256 712 gis
279 634 484 716 popularium
498 635 588 696 ¹iram
613 634 775 706 excitavit,
801 634 876 713 quia
898 634 1106 715 optimatium
1131 635 1231 718 partis
1254 633 1364 699 fuerat.

252 753 253 758 ’
313 743 410 806 Certe
441 754 551 808 autem
577 744 798 808 Athenienses
832 747 986 807 adversus
1018 747 1196 808 amnestiae
1232 739 1440 808 condiciones
1461 755 1506 808 'et

207 857 395 928 iuramenta,
421 857 538 940 quibus
562 874 676 916 omnes
700 875 750 915 res
774 864 849 916 ante
873 864 962 918 actas
977 877 1058 918 sese
1081 855 1238 918 oblivioni
1272 856 1404 917 daturos
1436 877 1506 917 esse

207 967 340 1049 polliciti
362 975 462 1039 erant,
485 966 644 1040 fecissent,
669 968 694 1028 si
711 966 784 1046 lege
800 967 996 1039 statuissent,
1024 975 1058 1027 ut
1077 967 1137 1042 en,
1162 967 1217 1046 qui
1235 965 1405 1028 anarchiae
1428 976 1506 1028 tem·

207 1097 286 1159 pore
310 1078 434 1158 equites
458 1075 591 1149 fuissent
614 1086 670 1148 aut
700 1097 834 1138 munere
865 1074 964 1138 functi
997 1085 1113 1148 essent,
1160 1075 1509 1159 republicavrestituta

207 1205 340 1249 munere
372 1186 462 1267 fungi
486 1185 557 1250 'non
587 1187 706 1260 liceret,
738 1197 773 1250 ut
804 1187 1010 1267 Frohberger
1039 1187 1157 1266 Lysiae
1187 1207 1232 1247 or.
1265 1185 1319 1248 sel.
1353 1185 1403 1247 ed.
1430 1186 1507 1251 mah

206 1299 218 1358 Ι
244 1315 274 1376 p.
306 1297 366 1376 176
383 1306 416 1358 et
437 1297 486 1362 ed.
505 1299 579 1360 min.
606 1321 637 1382 p.
669 1315 729 1378 139
754 1306 785 1359 et
802 1295 940 1359 Grosser
962 1297 981 1361 l.
1000 1296 1018 1356 l.
1037 1319 1067 1379 p.
1086 1309 1126 1374 45
1153 1295 1282 1361 docent.
1331 1295 1396 1360 Sed
1419 1311 1508 1358 vere*

207 1427 253 1480 or,
284 1427 324 1467 ne
354 1408 412 1467 viri
446 1408 533 1469 docti
563 1427 661 1469 unum
692 1407 809 1478 locum,
842 1427 909 1486 quo
941 1407 1093 1479 nituntur,
1119 1405 1195 1486 Lys
1220 1406 1374 1486 XXVI‘9
1398 1417 1430 1469 et
1458 1423 1505 1480 10,

206 1515 286 1578 falso
310 1517 535 1583 intellexerint.
583 1519 699 1581 Nonne
723 1518 840 1598 Lysias
855 1516 925 1580 hoc
949 1516 1021 1578 loco
1038 1515 1146 1598 spinas
1171 1514 1258 1578 vellit
1281 1526 1314 1577 et
1330 1515 1506 1596 legislatori

206 1627 403 1688 sententiam
427 1629 575 1707 imputat,
602 1648 686 1707 quae
710 1628 785 1690 huic
809 1628 870 1708 ipsi
892 1645 1071 1710 numquam
1103 1627 1135 1686 in
1160 1635 1303 1688 mentem
1327 1627 1432 1690 venit?
1458 1629 1507 1689 Ea

207 1735 315 1807 verba,
342 1756 424 1815 quae
440 1737 509 1799 sola
532 1737 669 1800 Grosser
691 1759 709 1799 e
733 1741 812 1818 §§9
836 1745 870 1798 et
894 1752 936 1798 20
953 1736 1076 1809 laudat,
1102 1746 1229 1799 tantum
1253 1738 1356 1810 abest,
1375 1747 1410 1800 ut
1422 1737 1510 1802 hanc

208 1847 424 1927 suspicionem
442 1847 625 1928 infringant,
653 1856 687 1910 ut
703 1867 775 1909 eam
793 1855 943 1926 augeant,
970 1867 1045 1908 nam
1062 1846 1176 1912 verba:
1205 1842 1242 1911 »ὁ
1263 1849 1335 1922 θείς
1350 1846 1411 1912 τὸν
1435 1848 1510 1930 περὶ
1584 1833 1593 1854 ’

207 1964 275 2020 τῶν
299 1948 497 2041 δοαιμασιῶν
518 1957 620 2041 νόμον
642 1955 700 2040 οὐχ
730 1954 848 2040 ἥκιστα
872 1958 1037 2040 περὶτῶν
1070 1956 1105 2020 ἐν
1136 1955 1304 2046 ὀλιγαρχίᾳ
1334 1955 1509 2042 ἀρξάντων

206 2062 300 2130 ἕνεκα
334 2063 465 2150 ἔθηκεν,
489 2062 671 2150 ἡγούμενος
695 2065 811 2132 δεινὸν
825 2062 918 2144 εἶναι,
943 2067 970 2130 εἰ
993 2063 1033 2130 δι’
1056 2063 1114 2142 οὓς
1146 2063 1387 2152 ήάημωιρατία
1419 2091 1509 2133 κατε-

207 2176 314 2254 λύετο,
337 2169 428 2241 οὗτοι
451 2175 487 2240 ἐν
510 2173 594 2259 αὐτῇ
616 2180 659 2260 τῇ
680 2179 828 2265 πολιτείᾳ
850 2176 952 2241 πάλιν
984 2170 1133 2262 άρξοοσιι
1160 2179 1238 2240 mihi
1269 2179 1402 2260 quidem
1432 2179 1509 2243 indi-

207 2307 282 2348 care
305 2285 454 2348 videntur
478 2287 698 2368 legislatorem
722 2288 785 2350 hoc
803 2289 920 2350 diserte
944 2308 1009 2350 non
1032 2290 1192 2362 statuisse,
1211 2310 1314 2369 neque
1338 2299 1395 2363 est,
1421 2289 1510 2370 quod

207 2398 247 2459 de
281 2397 353 2477 lege
390 2407 465 2479 post
501 2400 778 2478 trigintavirorum
815 2399 1024 2480 oligarchiam
1058 2399 1286 2469 solutamlata
1316 2401 1509 2479 cogitemus

207 2509 309 2570 Recte
332 2508 401 2570 sola
424 2507 544 2571 laudari
569 2519 722 2589 poterant
743 2509 938 2591 paragraphi
961 2511 1107 2572 decimae
1136 2512 1236 2573 verba
1252 2510 1350 2580 haec:
1377 2509 1422 2574 »el
1452 2509 1529 2593 μὲν.

207 2617 246 2700 ὀὴ
276 2618 464 2698 βουλεύσων
494 2621 568 2683 νυνὶ
598 2617 806 2704 ἐδοκιμάζετο
838 2620 892 2684 καὶ
921 2615 965 2695 ὡς
997 2617 1199 2695 ἱππευκότος
1215 2616 1333 2684 ἀὐτοῦ
1366 2617 1511 2684 ἐπὶτῶν

208 2727 387 2813 τριάκοντα
410 2725 555 2813 άρμαέν
577 2743 651 2806 ταῖς
674 2731 800 2794 σανίσιν
827 2729 1053 2815 ἐνεγέγραπτο,
1082 2731 1137 2794 καί
1160 2726 1238 2794 ἄνευ
1261 2728 1446 2815 κατηγόρου
1470 2725 1511 2793 άν

208 2836 622 2923 αὐτόνάπεὸοκιριάζετετ,
649 2843 831 2904 sedetiam
856 2842 937 2904 haec
961 2842 1060 2903 verba
1084 2861 1188 2920 neque
1221 2842 1398 2903 ostendunt
1432 2841 1511 2902 eius-

209 2950 298 3012 modi
330 2951 438 3031 legem
470 2937 569 3013 latam
598 2973 669 3014 esse
701 2972 912 3036 neque‘vera
942 2961 1026 3025 sunt,
1061 2961 1096 3014 ut
1119 2951 1224 3014 elucet
1248 2951 1408 3032 e'Lysiae
1432 2950 1509 3012 XVI

212 3063 229 3122 8
253 3060 359 3122 verbis
382 3060 485 3124 hisce:
515 3049 661 3145 »ὁρῶσί
676 3111 772 3129 .....
805 3060 948 3136 πολλοὺς
969 3059 1039 3144 ’μὲν
1068 3069 1137 3126 τῶν
1166 3059 1242 3128 τότε
1273 3059 1509 3125 ἱππευσάντων

208 3169 435 3248 βουλεύοντας,
467 3170 611 3246 πολλοὺς
642 3171 675 3237 δὲ
703 3170 817 3236 αὐτῶν
847 3169 1049 3256 στρατηγοὺς
1080 3171 1134 3234 καὶ
1157 3169 1343 3255 ἱππάρχους
1375 3193 1508 3255 κεχειρο-

208 3280 436 3365 τονημένουςι,
472 3284 590 3366 quibus
613 3284 719 3346 verbis
753 3281 959 3346 manifestum
992 3291 1041 3345 est
1065 3281 1282 3364 Frohbergeri
1307 3292 1341 3344 et
1363 3281 1510 3344 Grosseri

209 3392 407 3454 sententiam
429 3414 528 3476 quam
552 3395 695 3456 maxime
720 3393 862 3458 refutari.

317 3502 376 3564 His
398 3504 549 3565 omnibus
574 3503 639 3565 fere
663 3503 759 3565 rebus
783 3513 816 3565 et
839 3503 906 3565 aliis
929 3503 982 3564 hic
998 3502 1126 3565 omissis
1151 3510 1238 3564 recte
1253 3502 1510 3584 Xenophontem

209 3624 241 3675 et
263 3614 440 3677 Isocratem
457 3613 674 3676 Athenienses
697 3613 879 3676 laudavisse
896 3613 1116 3686 confirmatur,
1142 3620 1286 3674 attamen
1311 3613 1421 3694 negari
1445 3631 1509 3673 non

210 3733 320 3806 potest
344 3745 408 3786 non
444 3725 488 3786 ita
519 3743 590 3786 raro
622 3724 783 3806 quosdam
813 3723 960 3786 homines
995 3723 1187 3786 amnestiam
1217 3722 1358 3785 laedere
1376 3731 1510 3784 conatos

211 3855 282 3896 esse
307 3845 339 3896 et
356 3855 390 3896 re
414 3855 491 3894 vera
508 3833 669 3896 interdum
693 3841 765 3895 eam
790 3854 862 3896 esse
881 3833 1011 3907 laesam,
1038 3832 1258 3914 compluribus
1283 3833 1369 3894 enim
1393 3831 1512 3912 Lysiae

210 3954 243 4006 et
266 3943 399 4006 aliorum
431 3943 631 4005 orationibus
659 3943 793 4005 servatis
825 3953 954 4006 constat
987 3944 1117 4024 saepius
1149 3941 1298 4026 homines
1331 3939 1511 4004 facinorum

175 4131 178 4136 1
210 4055 368 4116 amnestia
399 4053 554 4116 oblivioni
584 4053 735 4116 datorum
767 4062 937 4115 accusatos
967 4073 1058 4125 esse,
1090 4053 1131 4114 de
1164 4051 1282 4135 quibus
1311 4050 1512 4114 orationibus

210 4164 389 4226 accuratius
421 4185 505 4226 nunc
537 4165 632 4227 nobis
659 4163 883 4225 disserendum
916 4164 985 4228 erit.
1033 4163 1127 4243 Quae
1150 4172 1262 4224 tamen
1286 4171 1351 4224 non
1374 4157 1511 4240 propter

211 4274 295 4336 hanc
319 4294 417 4336 unam
441 4275 664 4357 quaestionem
689 4274 783 4336 nobis
806 4274 996 4336 tractandae
1019 4283 1122 4346 erunt,
1156 4281 1258 4336 restat
1282 4273 1367 4335 enim
1400 4273 1508 4344 altera,

212 4403 310 4467 quarn
335 4384 378 4444 ab
400 4381 462 4444 hac
485 4385 634 4448 dirimere
658 4385 755 4458 nolui,
782 4385 823 4446 de
855 4405 920 4467 qua
944 4384 976 4445 in
1001 4386 1021 4464 ξ
1048 4400 1058 4444 1
1087 4383 1232 4448 disserui.
1280 4381 1512 4444 Demonstran·

211 4493 289 4557 dum
317 4494 412 4555 nobis
443 4495 502 4556 erit
524 4493 574 4556 his
609 4495 809 4559 orationibus
833 4495 1029 4557 sententiam
1067 4501 1212 4556 nostram
1253 4493 1359 4574 capite
1405 4491 1511 4579 primo
