3402 5172
620 1416 808 1588 Caput
852 1419 1125 1590 primurn.
1218 1375 1222 1382 ’

328 1684 348 1762 ξ
374 1699 403 1748 2.
450 1683 495 1746 Ut
517 1682 633 1764 prioris
656 1681 731 1760 belli
755 1680 1023 1762 Peloponnesiaci
1049 1679 1149 1759 partis
1174 1698 1272 1739 uuum
1289 1677 1520 1758 Thucydidem

222 1793 268 1854 sic
290 1792 479 1874 posterioris
501 1792 647 1854 eiusdem
671 1790 746 1853 belli
771 1791 870 1870 partis
894 1799 927 1852 et
950 1799 1135 1869 temporum
1166 1789 1373 1869 sequentium
1397 1787 1521 1849 sontem

221 1902 388 1983 aequalem
413 1922 511 1963 unum
534 1901 694 1963 habemus
716 1900 988 1982 Xenophontem,
1013 1900 1068 1980 qui
1092 1899 1207 1960 multas
1232 1909 1265 1960 et
1288 1898 1446 1959 maximas
1472 1918 1522 1959 res

222 2032 288 2075 non
310 2032 370 2094 per
391 2011 472 2074 alios
496 2020 680 2094 compertas
712 2019 829 2083 narrat,
854 2011 912 2072 sed
946 2011 1006 2092 ipsi
1039 2010 1133 2082 visas,
1167 2028 1240 2070 nam
1266 2007 1520 2089 Xenophontem

222 2121 381 2185 nonnullis
404 2121 667 2203 expeditionibus
691 2120 828 2182 fortasse
852 2121 997 2204 exceptis
1022 2139 1080 2198 per
1112 2139 1217 2182 annos
1243 2135 1317 2198 407,
1342 2119 1417 2195 406,
1444 2130 1519 2196 405,

222 2246 296 2308 404,
327 2247 390 2311 403
419 2231 556 2294 Athenis
588 2229 685 2293 luisse
717 2239 749 2292 et
772 2230 942 2292 anarchiae
975 2238 1124 2311 tempore
1149 2250 1167 2290 a
1191 2239 1403 2307 tyrannorum
1429 2236 1522 2308 parte

221 2342 348 2403 stetisse
382 2340 538 2404 hellenica
569 2341 637 2402 eius
670 2350 703 2402 et
731 2340 954 2404 memorabilia
983 2338 1158 2402 ostendunt
1189 2347 1222 2400 et
1252 2359 1270 2398 a
1301 2337 1521 2419 compluribus

221 2448 296 2510 viris
327 2449 431 2510 doctis
462 2467 522 2529 pro
552 2457 641 2511 certo
678 2449 936 2512 demonstratum
965 2459 1022 2512 est.
1072 2448 1180 2529 Quam
1204 2447 1246 2508 ob
1271 2468 1338 2509 rem
1363 2449 1391 2510 ei
1416 2448 1522 2508 maior

221 2578 319 2640 quam
350 2557 563 2641 scriptoribus
596 2559 831 2640 posterioribus
863 2560 1014 2622 omnibus
1038 2558 1120 2621 fides
1143 2557 1295 2620 habenda
1317 2568 1373 2619 est.
1424 2557 1522 2638 Quod

220 2687 298 2730 vero
322 2666 412 2730 multi
435 2668 495 2729 viri
519 2668 605 2730 docti
629 2671 825 2756 recentiores
849 2671 1049 2732 contendunt
1079 2689 1154 2730 eum
1183 2668 1520 2730 Lacedaemoniorum

222 2778 317 2841 rebus
341 2778 435 2840 nimis
459 2776 622 2840 faventem
646 2799 696 2840 res
720 2778 761 2841 ab
786 2779 1041 2842 Atheniensibus
1065 2778 1207 2858 gloriose
1231 2788 1342 2859 gestas
1372 2781 1521 2840 obscura-

221 2889 306 2950 visse
329 2897 361 2950 et
385 2887 621 2969 depravavisse,
647 2889 687 2951 de
713 2890 808 2952 rebus
832 2889 926 2952 nobis
951 2909 1035 2950 nunc
1057 2890 1234 2951 tractandis
1251 2910 1349 2951 nemo
1373 2890 1441 2962 erit,
1461 2888 1514 2969 qui

221 2997 292 3060 talis
315 2997 411 3060 studii
436 3019 510 3060 eum
535 3009 659 3080 arguat.
684 3001 758 3082 quia
782 3021 847 3062 non
872 3010 929 3073 est,
955 3020 1010 3062 cur
1034 3021 1088 3062 eas
1111 3020 1161 3062 res
1185 3000 1361 3062 mutavisse
1377 3008 1519 3080 putetur,

222 3109 263 3171 ad
281 3127 360 3188 quas
376 3109 548 3171 mutandas
565 3129 670 3192 neque
685 3088 1020 3172 Lacedaemoniorum
1039 3130 1132 3172 amor
1148 3130 1254 3190 neque
1272 3109 1522 3171 Atheniensium

222 3218 333 3281 odium
358 3239 432 3280 eum
456 3239 663 3282 commovere
686 3229 824 3302 poterat.
872 3221 1017 3282 Brevitas
1042 3228 1151 3282 autem
1175 3219 1427 3302 Xenophontea,
1453 3239 1523 3300 qua

222 3329 383 3391 interdum
406 3331 504 3390 etiam
529 3350 579 3390 res
603 3330 767 3410 graviores
785 3331 987 3405 omittuntur,
1013 3350 1111 3412 quam
1130 3330 1272 3392 maxime
1295 3330 1344 3391 his
1369 3330 1400 3390 in
1426 3329 1522 3391 rebus

223 3438 363 3501 dolenda
387 3448 445 3512 est,
470 3440 657 3502 brevissime
681 3443 767 3503 enim
789 3444 899 3504 omnia
923 3451 1038 3515 narrat,
1064 3459 1263 3521 quamquam
1288 3459 1412 3514 eorum,
1438 3459 1522 3520 quae

223 3548 351 3610 maioris
375 3551 533 3611 momenti
558 3558 658 3622 erant,
683 3551 759 3612 nihil
783 3553 939 3614 omissum
965 3572 1035 3612 esse
1059 3550 1139 3612 infra
1163 3569 1408 3631 cognoscemus.

330 3658 456 3738 Quibus
488 3661 645 3740 expositis
676 3661 701 3722 si
735 3671 866 3742 oportet
899 3661 1055 3742 imprimis
1084 3660 1130 3722 eis
1155 3681 1214 3722 nos
1238 3659 1410 3731 confidere,
1438 3677 1521 3738 quae

222 3768 457 3848 Xenophon
482 3778 596 3842 narrat,
622 3790 706 3832 nunc
729 3772 906 3847 videamus,
931 3791 1015 3853 quae
1039 3779 1115 3849 post
1138 3791 1185 3844 ca,
1220 3789 1303 3850 quae
1334 3788 1432 3849 supra
1453 3767 1521 3828 bre-

222 3877 305 3939 viter
327 3879 504 3940 secundum
529 3899 604 3940 eum
626 3882 757 3954 narravi,
783 3881 868 3944 facta
892 3901 962 3943 esse
985 3881 1100 3943 tradat.
1149 3879 1236 3942 Dicit
1257 3888 1367 3940 autem
1391 3876 1472 3960 (hell.
1494 3877 1521 3938 Il

222 4006 253 4065 4,
279 3987 421 4070 38—43)
444 3985 540 4050 haec:

330 4099 381 4176 38.
410 4093 458 4160 »οἱ
482 4095 515 4161 δὲ
538 4097 712 4182 διήλλαξαν
734 4092 786 4177 ἐφ’
810 4085 874 4180 ᾧτε
897 4097 1028 4182 εἰρήνην
1050 4099 1109 4182 μὲν
1131 4094 1215 4180 ἔχειν
1238 4095 1322 4181 πρὸς
1349 4094 1521 4183 ἀλλήλους,

222 4203 350 4270 ἀπιέναι
373 4205 406 4271 δὲ
429 4204 481 4270 tau
505 4205 547 4271 roi
571 4202 697 4271 ἑαυτῶν
720 4202 857 4271 ἕκαστον
879 4207 968 4292 πλὴν
998 4215 1066 4273 τῶν
1095 4206 1275 4291 τριάκοντα
1305 4207 1360 4270 καὶ
1381 4215 1451 4272 τῶν
1474 4203 1522 4270 h·-

222 4317 298 4381 δεκα
321 4317 375 4380 καὶ
397 4323 466 4380 τῶν
488 4314 524 4380 ἐν
545 4321 595 4400 τῴ
611 4320 754 4401 Πειραιεῖ
775 4313 951 4402 ἀρξάντων
967 4317 1051 4382 δέκα.
1075 4317 1102 4382 εἰ
1125 4316 1160 4382 δέ
1173 4339 1261 4392 τινες
1276 4320 1433 4397 φοβοῖντο
1455 4325 1524 4382 τῶν

222 4424 256 4510 ἐξ
279 4418 401 4504 ἄστεος,
433 4423 540 4509 ἔδοξεν
569 4423 681 4502 αὐτοῖς
712 4423 874 4492 Ἐλευσῖνα
896 4439 1068 4493 κατοικεῖν.
1119 4445 1169 4508 39.
1195 4426 1327 4491 τούτων
1350 4426 1382 4490 δὲ
1407 4449 1524 4509 κεραν-

222 4536 355 4602 θέντοον
387 4540 575 4613 Παυσανίας
602 4539 661 4621 μὲν
689 4537 777 4623 διῆκε
807 4537 847 4602 τὸ
878 4538 1074 4622 στράτευμα,
1111 4535 1141 4601 ol
1173 4533 1200 4600 δ’
1222 4535 1259 4600 ἐκ
1281 4545 1341 4600 τοῦ
1365 4538 1524 4618 Πειραιῶς
