3402 5172
884 335 922 395 Ι9

830 405 998 412 ...ω’-Μ.-

243 527 333 610 quod
349 527 538 590 Andocides
562 529 679 590 deinde
700 528 801 604 affert,
827 531 915 615 quod
939 531 1059 593 iudices
1084 531 1253 596 iurabant:
1282 532 1354 596 »καὶ
1380 527 1419 595 οὐ
1441 547 1549 615 μνησι-

241 636 385 720 κακήσω,
402 634 476 702 οὐδὲ
491 631 582 722 ἄλλον
598 639 757 722 κείσομαι,
774 649 957 724 ψηφιοῦμαι
973 641 1007 706 δὲ
1022 639 1107 705 κατὰ
1123 640 1201 715 τοὺς
1223 640 1390 724 κειμένους
1407 640 1545 724 νόμουςι

245 746 417 809 hominum
446 749 488 811 ab
519 751 677 812 amnestia
707 750 911 812 exclusorum
948 753 1082 815 omnino
1111 752 1197 813 nulla
1226 751 1262 814 fit
1293 754 1425 815 mentio.
1482 751 1549 815 Sed

242 858 394 940 quoniam
421 867 453 920 et
476 860 588 941 populi
612 861 815 922 iureiurando
839 863 940 923 semel
965 863 1042 925 dato
1075 877 1108 925 et
1130 873 1263 925 senatus
1295 864 1424 945 saepius
1453 882 1541 944 repe·

240 968 300 1028 tito
324 977 452 1030 constat
476 969 583 1044 luisse,
609 972 664 1053 qui
688 973 915 1046 eximerentur,
943 974 973 1034 in
998 973 1060 1035 hoc
1085 974 1225 1035 iudicum
1244 973 1464 1046 iureiurando,
1482 971 1549 1032 lor-

239 1087 324 1140 tasse
349 1079 423 1162 quia
439 1081 567 1162 saepius
591 1081 768 1156 dicebatur,
794 1084 942 1146 homines
957 1079 1009 1145 'ab
1034 1083 1213 1146 amnestiae
1244 1083 1404 1145 beneficio
1436 1081 1544 1160 exclu-

239 1209 293 1248 sos
317 1189 483 1252 brevitatis
504 1211 601 1252 causa
625 1194 816 1274 praeteritos
841 1215 911 1256 esse
935 1203 1084 1276 apertum
1108 1203 1166 1255 est.

349 1300 400 1362 Ex
425 1322 465 1362 eo
488 1311 606 1375 autem,
632 1303 721 1386 quod
745 1304 859 1366 harum
883 1305 979 1366 trium
1003 1303 1207 1365 iurisiurandi
1231 1302 1442 1365 formularum
1466 1321 1541 1363 una·

241 1431 392 1494 quaeque
414 1433 434 1472 a
458 1410 614 1492 particula
635 1415 690 1476 καί
714 1415 834 1495 incipit,
859 1415 937 1476 satis
961 1414 1068 1492 colligi
1092 1397 1201 1495 potest
1226 1433 1291 1474 non
1321 1422 1426 1476 totum
1458 1411 1540 1473 haec

238 1522 339 1582 verba
362 1541 434 1582 esse
458 1521 689 1595 iusiurandum,
722 1525 780 1585 sed
810 1526 878 1586 eius
910 1534 1037 1605 partem
1069 1532 1125 1585 aut
1155 1533 1336 1585 extremam
1366 1531 1422 1584 aut
1453 1531 1541 1582 certe

240 1651 304 1692 non
338 1633 485 1710 primam.
541 1631 585 1694 Ut
617 1633 728 1713 populi
762 1635 983 1696 iusiurandum
1014 1634 1077 1694 hoc
1107 1634 1180 1694 loco
1217 1633 1394 1704 mittamus,
1432 1632 1540 1704 verba,

238 1762 321 1824 quae
345 1750 493 1803 senatum
518 1742 671 1805 iuravisse
697 1744 885 1806 Andocides
909 1745 993 1815 dicit,
1014 1763 1079 1805 non
1105 1752 1154 1805 est
1175 1764 1232 1804 cur
1255 1761 1413 1823 negemus
1435 1760 1542 1803 amne-

237 1851 298 1912 stia
322 1851 452 1912 decreta
475 1850 601 1930 vulgari
621 1865 808 1915 senatorum
831 1856 1028 1916 iuriiurando
1053 1854 1164 1915 addita
1194 1874 1274 1924 esse,
1302 1853 1358 1914 nisi
1390 1852 1461 1935 quis
1485 1853 1541 1925 eis,

238 1981 322 2044 quae
347 1961 386 2022 de
410 1963 503 2022 tertia
527 1960 665 2023 formula
689 1961 826 2022 dicenda
850 1971 934 2034 sunt,
962 1973 1119 2036 movetur,
1146 1971 1181 2024 ut
1205 1964 1303 2025 etiam
1322 1962 1362 2023 de
1385 1961 1434 2023 his
1452 1963 1542 2023 aliter

238 2080 367 2133 statuat.
422 2073 508 2133 Nam
541 2092 579 2132 ea
609 2072 717 2145 verba,
760 2091 842 2155 quae
878 2071 1000 2134 iudices
1033 2074 1187 2136 iuravisse
1223 2073 1382 2146 dicuntur,
1421 2072 1544 2152 vulgari

238 2181 381 2242 iudicum
414 2183 610 2244 iuriiurando
634 2182 745 2243 addita
768 2201 832 2243 non
869 2201 938 2242 esse
962 2203 1004 2243 ex
1034 2185 1079 2244 eis
1111 2183 1234 2252 elucet,
1268 2202 1352 2266 quae
1389 2183 1546 2264 Isocrates

236 2281 342 2352 XVIII
360 2308 402 2370 34
419 2293 511 2358 dicit:
533 2293 625 2375 »napi
641 2291 763 2375 ταύτης
779 2293 847 2375 (τῆς
864 2291 967 2376 δίκης)
984 2292 1042 2355 δύο
1058 2283 1178 2375 ὅρκους
1191 2288 1369 2376 ὀμόσαντες
1386 2290 1544 2374 δικάζετε,

236 2400 297 2464 τὸν
317 2400 384 2483 μὲν,
411 2394 513 2484 ὅνπερ
537 2399 590 2465 ἐπὶ
613 2415 685 2476 ταῖς
708 2394 820 2476 ἄλλοις
835 2399 973 2478 εἴθισθε,
997 2400 1058 2465 τὸν
1081 2399 1108 2466 d'
1125 2396 1163 2466 ὃν
1186 2400 1240 2466 ἐπὶ
1270 2416 1341 2476 ταῖς
1363 2403 1545 2486 συνθήκαις

236 2508 463 2596 irainsanda«
514 2511 607 2593 Quae
631 2513 731 2573 verba
752 2513 975 2573 demonstrare
996 2513 1145 2575 videntur
1168 2514 1209 2576 de
1231 2534 1312 2596 pace
1333 2523 1366 2576 ct
1388 2513 1545 2576 amnestia

236 2622 392 2686 servanda
419 2622 639 2683 iusiurandum
661 2623 828 2703 proprium
850 2643 869 2683 a
893 2623 1051 2684 iudicibus
1074 2624 1196 2686 ditturn
1221 2643 1300 2696 esse,
1325 2625 1416 2686 cuius
1445 2624 1545 2685 verba

236 2742 381 2794 extrema
398 2732 590 2796 Andocides
604 2733 781 2804 tradiderit,
802 2732 891 2815 quod
908 2741 940 2794 et
952 2732 1057 2814 ipsum
1071 2735 1215 2796 continet
1227 2734 1327 2795 verba
1343 2735 1542 2817 »ψηφιοῦμαι

236 2839 322 2906 κατὰ
345 2843 423 2918 τοὺς
447 2844 613 2927 κειμένους
637 2842 789 2926 νόμουςι,
821 2864 904 2926 quae
931 2844 1054 2904 initium
1079 2853 1113 2905 et
1137 2863 1300 2904 summum
1315 2853 1544 2922 argumentum

238 2962 331 3014 erant
365 2954 506 3034 vulgaris
542 2957 683 3017 iudicum
719 2955 929 3025 iurisiurandi,
967 2961 1002 3014 ut
1038 2963 1200 3016 testantur
1235 2953 1349 3036 Lysias
1384 2953 1474 3015 XXII
1512 2967 1540 3031 7,

237 3063 416 3126 Aeschines
442 3065 484 3127 Ill
509 3067 538 3138 6,
565 3065 680 3127 Pollux
704 3065 780 3127 VIII
809 3082 878 3134 122,
904 3065 1125 3126 iusiurandum
1160 3065 1305 3146 spurium
1337 3063 1426 3145 quod
1459 3064 1542 3124 inve·

244 3175 329 3235 nitur
351 3177 437 3253 apud
462 3175 717 3237 Demosthenem
743 3175 815 3240 adv.
841 3173 924 3236 Tim.
956 3187 1136 3253 149—151.

345 3288 365 3364 ἓ
391 3301 418 3365 7.
467 3287 604 3348 Restant
627 3285 718 3347 multi
743 3295 775 3346 et
790 3283 906 3363 singuli
924 3294 1090 3346 oratorum
1107 3293 1139 3345 et
1155 3284 1291 3345 aliorum
1308 3283 1379 3357 loci,
1399 3302 1540 3366 quorum

237 3393 414 3456 maximum
432 3416 611 3468 numerum,
630 3397 705 3478 quia
721 3395 883 3476 capitibus
899 3395 1109 3477 sequentibus
1131 3413 1245 3454 omnes
1262 3402 1355 3455 erunt
1370 3393 1539 3465 tractandi,

238 3503 301 3565 hoc
327 3503 399 3564 loco
424 3507 557 3567 missum
582 3505 675 3578 facio,
700 3525 756 3566 eos
781 3514 891 3566 autern
924 3504 1000 3565 nolo
1031 3503 1215 3584 praeterire,
1253 3505 1307 3586 qui
1337 3523 1401 3564 non
1434 3502 1541 3565 solum

237 3633 283 3686 ea,
311 3634 394 3696 quae
418 3635 436 3675 e
452 3616 664 3696 scriptoribus
681 3615 788 3677 adhuc
804 3614 1001 3694 collegimus
1019 3613 1189 3687 affirmant,
1207 3614 1264 3675 sed
1281 3613 1402 3696 aliquid
1419 3631 1539 3674 novum

238 3725 280 3786 ad
305 3744 344 3786 ea
365 3725 499 3787 addunt.

344 3836 503 3898 Pausania
526 3845 657 3897 auctore
681 3835 818 3915 legimus
842 3836 920 3896 duas
953 3833 1202 3896 Atheniensium
1233 3833 1389 3896 sactiones
1420 3850 1537 3914 pacem

236 3943 357 4018 fecisse,
399 3946 489 4008 cuius
523 3965 666 4006 summas
700 3946 907 4008 condiciones
942 3946 1099 4011 novimus.
1164 3945 1331 4016 Attamen,
1370 3944 1446 4027 quia
1483 3963 1531 4017 ea,

236 4074 318 4136 quae
342 4055 591 4118 Lacedaemonii
614 4075 695 4134 pace
719 4054 803 4118 sacta
833 4076 919 4118 anno
948 4075 1014 4134 404
1046 4056 1257 4128 instituerant,
1291 4055 1421 4115 turbata
1449 4059 1540 4114 erant

235 4166 460 4249 exercitusque
484 4166 819 4229 Lacedaemoniorum
842 4167 883 4227 ad
908 4186 1024 4247 pacem
1048 4166 1281 4228 restituendam
1306 4164 1532 4234 intervenerat,

235 4275 298 4340 iam
323 4277 493 4339 verisimile
517 4286 566 4339 est
590 4297 654 4339 non
678 4277 783 4338 solum
807 4276 935 4338 exsules
958 4296 1033 4337 cum
1065 4275 1195 4337 urbanis
1225 4282 1340 4353 pactos
1372 4291 1452 4345 esse,
1478 4272 1536 4333 sed

237 4387 334 4447 etiarn
358 4394 512 4469 utrosque
535 4406 609 4448 cum
632 4386 910 4459 Lacedaemoniis
937 4396 1035 4470 atque
1059 4393 1218 4447 testantur
1242 4383 1399 4445 isocrates
1429 4381 1536 4444 XVIII

236 4512 278 4574 29
300 4505 333 4557 et
357 4495 472 4576 Lysias
495 4495 601 4556 XVIII
629 4509 663 4573 15
691 4506 723 4556 et
753 4497 978 4577 Pseudolysias
1017 4495 1062 4556 Vl
1095 4497 1171 4573 38---
1183 4511 1234 4571 40.
1289 4493 1417 4573 Quibus
1446 4491 1534 4564 lociS,

1294 4607 1325 4656 2*
