3402 5172
827 327 866 402 37
946 375 955 419 x·

191 534 232 598 de
256 531 487 618 Xenophontis
511 534 673 600 hellenicis
696 536 744 598 his
770 537 912 620 quinque
947 536 1053 599 lustris
1074 517 1271 620 ¹saepissime
1305 542 1486 609 tractatam,

191 644 233 705 ad
256 656 380 708 certum
404 645 501 708 finem
525 647 622 711 etiam
646 667 732 709 nunc
755 667 820 708 non
843 648 1044 726 perductam.

298 755 474 838 Postquam
498 758 563 818 iam
586 756 638 819 alii
662 757 851 818 invenerunt
867 757 898 817 in
914 755 1077 819 hellenicis
1093 774 1192 835 saepe
1208 775 1376 819 occurrere
1395 755 1486 818 locos

191 865 357 926 sententiis
381 874 414 927 et
437 867 544 928 verbis
568 886 682 947 parum
711 875 842 927 ornatos
872 877 905 929 et
933 867 1121 949 perpolitos,
1153 864 1271 928 multas
1300 886 1351 927 res
1379 884 1485 949 aequo

191 974 321 1037 brevius
357 977 484 1049 narrari,
514 977 592 1039 alias
627 995 691 1039 non
723 977 942 1057 neglegendas
960 977 1088 1050 omitti,
1126 976 1249 1055 primus
1283 995 1369 1038 anno
1393 975 1487 1036 huius

189 1084 307 1158 saeculi
332 1084 393 1147 LV
416 1086 487 1148 Tell
510 1089 542 1148 ln
568 1086 775 1166 ›Philologo‹
801 1086 832 1148 X
862 1107 891 1170 p.
929 1087 1102 1166 567-569
1133 1084 1267 1165 protulit
1290 1085 1484 1147 sententiam

190 1216 256 1257 non
278 1195 396 1257 tradita
418 1197 512 1258 nobis
541 1217 612 1259 esse
636 1197 864 1277 Xenophontis
896 1197 998 1277 ipsius
1028 1196 1192 1270 hellenica,
1226 1194 1285 1256 sed
1317 1195 1483 1273 epitomen
1522 1189 1525 1193 ’
1581 1186 1583 1191 ’

189 1324 304 1366 eorum
327 1317 402 1386 post
425 1305 586 1368 Plutarchi
610 1314 751 1368 aetatem
782 1326 801 1367 a
833 1306 1048 1386 grammatico
1078 1307 1223 1390 quodam
1253 1307 1482 1385 compositam,

189 1415 231 1476 de
255 1435 319 1498 qua
344 1414 444 1477 fusius
466 1415 615 1477 disseruit
639 1414 763 1498 Campe
795 1417 826 1477 in
858 1414 1059 1499 praefatione
1089 1416 1131 1478 ad
1160 1415 1388 1480 hellenicorum
1417 1435 1483 1477 ver·

189 1525 313 1587 sionem
339 1524 574 1616 Germanicam,
605 1527 820 1611 1856,·quam
844 1527 960 1588 deiude
991 1545 1054 1589 suo
1078 1525 1182 1589 Marte
1215 1527 1331 1588 iterum
1362 1526 1485 1588 invenit

190 1647 222 1698 et
246 1637 397 1719 exposuit
409 1635 605 1717 ·Kyprianos
631 1635 724 1718 »napi
740 1639 810 1700 τῶν
821 1629 1020 1720 Ἑλληνικῶν
1034 1645 1094 1700 τοῦ
1116 1633 1364 1717 Ξενοφῶντοςι,
1382 1634 1483 1700 Athe·

190 1745 237 1808 nis
255 1749 346 1824 1858,
360 1765 458 1830 quam
471 1745 898 1828 acceperuntJungclausen,
919 1746 978 1808 »de
990 1745 1127 1829 Campio
1139 1755 1172 1808 et
1187 1745 1482 1808 Btichsenschiitzio

188 1855 415 1937 Xenophontis
437 1855 677 1928 hellenicorum,
702 1857 961 1941 interpretibus«,
995 1857 1086 1929 1862,
1111 1855 1427 1919 Dittrich-Fabricius
1450 1856 1482 1918 in

189 1953 361 2048 annsphil,
386 1976 419 2029 et
441 1967 533 2050 paed.
559 1977 640 2032 tom.
663 1965 765 2029 XCIII
789 1990 820 2051 p.
845 1981 907 2046 455
940 1988 1000 2051 sq.,
1030 1967 1142 2047 Meyer
1175 1967 1234 2028 »de
1256 1966 1482 2049 Xenophontis

191 2072 419 2138 hellenicorum
444 2078 584 2139 auctoris
609 2077 639 2138 in
659 2078 754 2139 rebus
770 2078 947 2140 scribendis
969 2075 1033 2138 fide
1055 2087 1087 2138 et
1110 2077 1317 2159 usu‹,'1867,
1342 2076 1482 2159 denique

190 2195 314 2266 praeter
336 2198 462 2252 ceteros
486 2185 621 2248 Grosser
649 2187 776 2250 ›Ueber
800 2186 851 2249 die
873 2185 1070 2250 Unechtheit
1092 2187 1149 2250 der
1171 2186 1480 2270 Xenophontischeu

189 2294 375 2359 Hellenika‹
403 2298 433 2357 fn
457 2317 529 2358 ann.
554 2297 628 2381 phil.
654 2306 687 2358 et
711 2296 803 2379 paed.
828 2306 906 2360 tom.
929 2295 1032 2359 XCIII
1051 2319 1082 2381 p.
1109 2311 1293 2378 721-732,
1318 2297 1393 2358 diss,
1417 2297 1481 2358 iam

187 2404 328 2478 laudata,
358 2406 524 2469 »Plutarch
548 2409 614 2469 und
638 2409 695 2469 der
719 2407 1029 2487 Hellenikaauszug‹
1057 2409 1088 2468 in
1111 2426 1184 2474 ann.
1215 2407 1291 2491 phil.
1324 2419 1357 2468 et
1385 2407 1477 2491 paed.

186 2524 265 2580 tom.
284 2514 342 2577 CV
359 2538 389 2600 p.
410 2531 470 2595 723
489 2537 571 2600 sqq„
593 2515 674 2578 ›Zur
690 2514 942 2582 Charakteristik
959 2501 1016 2578 der
1031 2517 1185 2600 Epitome
1200 2537 1264 2580 von
1279 2517 1481 2602 Xenophons

188 2623 388 2698 Hellenika«,
419 2628 511 2706 1873,
540 2626 621 2688 »Die
654 2625 914 2706 Hellenikafrage
944 2628 1010 2689 und
1033 2625 1101 2688 ihre
1130 2626 1292 2688 Polemike
1325 2625 1357 2687 in
1384 2625 1481 2689 »Zeit-

185 2733 294 2796 schrift
316 2733 366 2796 fur
389 2738 446 2799 das
470 2735 784 2818 Gymnasialwesenr
811 2748 888 2800 tom.
907 2737 1000 2800 XXX
1023 2759 1053 2820 p.
1079 2749 1141 2818 257
1166 2756 1248 2821 sqq,
1274 2736 1328 2820 qui
1351 2755 1479 2799 summa

184 2846 367 2907 constantia
393 2847 575 2908 etiamnunc
597 2846 680 2910 hanc
694 2849 887 2910 sententiam
904 2845 1057 2920 defendit,
1076 2865 1274 2930 quamquam
1298 2845 1387 2908 multi
1404 2866 1476 2910 earn

184 2955 465 3038 impugnaverunt,
501 2957 583 3018 inter
620 2977 703 3040 quos
738 2959 907 3041 praecipue
942 2956 1127 3018 nominandi
1160 2965 1235 3019 sunt
1273 2957 1475 3031 Pantazides,

182 3063 337 3137 Ilertleiu,
362 3063 560 3139 Vollbrecht,
585 3065 854 3141 Btichsenschiim,
880 3065 1060 3142 Beckhaus
1084 3065 1307 3140 Breitenbach,
1331 3065 1474 3140 Nitsche,

182 3173 321 3247 Richter,
345 3174 441 3248 Kurz,
474 3194 571 3238 nemo
595 3175 659 3238 fere
687 3186 814 3261 praeter
845 3196 919 3237 eum
955 3175 1141 3260 ipsumne
1172 3174 1297 3260 Campe
1332 3177 1474 3259 quidem,

184 3284 321 3368 impetus
344 3286 505 3368 repulsare
529 3296 665 3349 conatus
690 3297 746 3348 est.
795 3285 872 3348 Mihi
896 3305 1039 3371 quoque,
1065 3286 1188 3348 etiarnsi
1206 3306 1270 3349 non
1287 3287 1475 3367 negaverim

184 3413 246 3455 non
270 3395 388 3468 omnia,
414 3417 498 3478 quae
522 3415 541 3458 a
567 3396 787 3459 Vollbrechtio
811 3406 843 3459 et
866 3395 935 3459 aliis
961 3407 1073 3460 contra
1095 3393 1288 3459 Grosserum
1311 3396 1476 3479 disputata

182 3504 253 3578 sint,
278 3505 449 3588 probanda
471 3525 550 3580 esse,
575 3516 684 3568 tamen
709 3507 789 3570 haec
812 3507 972 3570 sententia
996 3507 1037 3568 de
1060 3504 1223 3568 hellenicis
1255 3507 1287 3568 in
1311 3507 1475 3589 epitomen

180 3615 301 3676 coactis
325 3634 532 3700 nequaquam
556 3618 695 3700 probata
718 3628 776 3690 est,
802 3620 859 3681 sed
882 3629 970 3680 recte
1002 3615 1138 3680 refutata
1162 3637 1233 3678 esse
1264 3617 1398 3690 uidetur,
1430 3625 1473 3680 at·

180 3744 243 3808 que
267 3743 363 3808 spero
388 3744 440 3788 me
464 3726 571 3809 ipsum
594 3725 657 3788 hoc
679 3727 913 3790 dissertationis
936 3727 1042 3811 capite
1078 3728 1373 3790 demonstraturum
1403 3746 1474 3790 esse

180 3834 252 3895 loco
275 3834 370 3897 nobis
391 3835 561 3897 tractando
584 3836 662 3898 falso
687 3835 882 3902 Grosserum
906 3836 968 3900 hac
992 3838 1116 3902 ratione
1140 3857 1235 3902 usum
1259 3857 1339 3901 esse.
1386 3839 1472 3900 Nam

179 3964 376 4027 quamquam
401 3945 432 4006 in
461 3945 531 4007 libri
562 3945 761 4030 praefatione
790 3948 882 4010 dicit:
922 3947 1055 4011 ›Damit
1083 3947 1142 4010 soll
1172 3967 1237 4010 nun
1271 3947 1472 4028 keineswegs

179 4064 295 4134 gesagt
328 4055 406 4130 sein,
442 4055 517 4118 dass
548 4056 600 4118 die
635 4057 880 4137 Anerkennung
912 4057 1017 4121 dieser
1047 4057 1241 4144 Hypothese
1274 4058 1345 4120 eine
1381 4057 1472 4120 noth-

177 4165 326 4244 wendige
349 4163 544 4246 BedIngung
566 4167 621 4241 sei,
647 4171 733 4230 ohne
754 4166 876 4231 welche
899 4167 952 4232 die
987 4169 1018 4229 in
1052 4167 1156 4232 dieser
1181 4165 1301 4230 Schrift
1324 4186 1389 4228 von
1412 4167 1473 4230 mir

177 4283 381 4336 vertretenen
422 4275 602 4341 Ansichten
643 4278 732 4341 nicht
771 4278 927 4342 bestehen
966 4278 1150 4352 kdnntene,
1182 4287 1292 4340 tamen
1332 4298 1372 4340 ne
1407 4297 1472 4340 uno

177 4384 310 4466 quidem
333 4383 406 4446 Ioco
440 4405 574 4469 operam
606 4387 670 4461 dat,
705 4397 739 4452 ut
768 4390 978 4462 demonstret,
1015 4387 1184 4471 quomodo
1218 4387 1280 4450 hac
1312 4389 1473 4452 sententia

176 4493 325 4572 neglecta
348 4493 400 4554 illa
423 4493 463 4555 de
488 4499 647 4560 amnestia
670 4499 712 4560 ab
736 4519 776 4560 eo
799 4498 931 4562 defensa
955 4498 1093 4560 obtineri
1117 4498 1226 4590 possit,
1252 4499 1352 4560 immo
1374 4517 1472 4582 saepe
