3402 5172
581 1470 768 1644 Caput
814 1475 1077 1610 tertium.

283 1738 304 1814 ξ
329 1752 346 1797 2
353 1749 381 1814 5.
421 1735 615 1818 Xenophon,
642 1747 817 1819 postquam
842 1759 900 1812 res,
925 1759 1005 1819 quas
1029 1739 1093 1802 iam
1116 1741 1296 1804 accuratius
1318 1744 1477 1818 novimus,

176 1845 326 1918 narravit,
351 1845 500 1924 adiungit
523 1849 637 1909 verba:
666 1845 892 1913 »decantata
915 1843 995 1932 ὁμοῦ
1016 1871 1052 1913 τε
1074 1850 1304 1916 πολιτεύονται
1325 1851 1380 1916 καὶ
1405 1866 1475 1930 τοις

176 1947 286 2037 ὅρκοις
313 1951 437 2038 ἐμμένει
471 1949 490 2018 ὁ
518 1956 650 2041 ὁῆμοςι,
682 1959 723 2020 de
753 1960 869 2040 quibus
902 1979 1001 2042 saepe
1035 1960 1099 2022 Iam
1129 1968 1178 2022 est
1206 1961 1408 2040 disputatum
1432 1972 1475 2036 et,

176 2084 260 2148 quae
288 2074 451 2146 quatenus
472 2088 548 2130 vera
571 2069 647 2159 siut,
670 2070 768 2131 etiam
792 2070 886 2131 nobis
911 2089 995 2131 nunc
1020 2079 1068 2132 est
1094 2070 1327 2153 quaerendum.
1376 2073 1476 2135 Dubi-

175 2185 262 2245 tatur
290 2185 416 2249 autem,
448 2178 580 2258 quando
611 2179 730 2258 scripta
759 2179 830 2241 sim.
885 2180 1035 2263 Apparet
1067 2201 1107 2244 ea
1137 2181 1258 2262 scripta
1288 2199 1389 2256 esse,
1410 2203 1476 2264 quo

176 2295 324 2368 tempore
347 2295 423 2368 post
445 2288 638 2350 amnestiam
663 2289 792 2370 longius
807 2290 951 2369 spatium
968 2289 1172 2352 interiectum
1189 2299 1265 2363 erat,
1284 2310 1350 2370 quo
1366 2299 1476 2354 tamen

175 2396 242 2459 fieri
277 2398 391 2481 potuit,
425 2409 461 2459 ut
491 2408 606 2460 contra
637 2399 831 2461 amnestiam
854 2399 1003 2462 homines
1027 2399 1059 2461 in
1083 2400 1132 2460 ius
1154 2409 1360 2468 vocarentur.
1408 2400 1474 2465 Sed

176 2528 251 2569 num
285 2517 370 2570 recte
401 2529 443 2570 ex
474 2506 523 2570 his
554 2509 660 2571 causis
690 2508 905 2572 Breitenbach
938 2518 971 2571 et
1001 2509 1051 2575 alii
1080 2508 1272 2589 collegerint
1295 2531 1333 2572 ea
1356 2512 1476 2593 scripta

174 2638 245 2679 esse
280 2637 344 2679 non
374 2637 473 2700 posse
505 2627 581 2700 post
610 2640 733 2682 annum
758 2621 831 2699 387,
857 2639 921 2700 ego
945 2620 1079 2701 quidem
1102 2619 1329 2682 dubitaverIm.
1378 2610 1475 2685 Certe

174 2726 250 2789 nihil
270 2728 390 2801 obstat,
416 2729 591 2810 quominus
608 2750 682 2791 cum
697 2728 852 2792 Nitscheo
869 2730 983 2812 puber
999 2731 1051 2793 die
1067 2730 1260 2810 Absassung
1283 2751 1348 2793 von
1364 2727 1480 2794 Xeno·¹

171 2837 278 2918 phons
298 2837 498 2912 Hellenikac,
523 2860 550 2901 a.
582 2843 674 2920 1871,
700 2861 733 2921 p.
758 2842 799 2919 38
825 2841 911 2922 sqq.)
936 2841 977 2902 ad
1000 2860 1120 2903 annum
1141 2843 1205 2919 384
1222 2841 1468 2916 descendamus,

173 2950 362 3029 praesertim
386 2970 460 3010 cum
485 2950 625 3013 sciamus
643 2951 740 3012 etiarn
757 2969 844 3012 anno
861 2953 923 3026 382
940 2959 1055 3013 contra
1069 2950 1263 3013 amnestiam
1279 2950 1469 3015 Euandrum

173 3068 359 3120 accusatum
392 3079 471 3131 esse,
504 3060 545 3121 de
568 3081 633 3141 qua
659 3080 762 3122 causa
781 3059 862 3122 Insra
886 3061 918 3144 (ᾗ
943 3062 998 3141 32)
1022 3059 1247 3123 disserendum
1273 3060 1341 3126 erit.
1388 3061 1470 3124 Fere

171 3178 281 3231 autem
314 3168 431 3231 eadem
460 3190 498 3231 ac
530 3169 717 3252 Xenophon
746 3169 810 3232 hoc
840 3169 913 3232 Ioco
944 3171 1044 3232 tradit
1078 3170 1236 3232 Isocrates
1267 3169 1374 3232 XVIII
1409 3171 1469 3248 46:

176 3276 303 3362 »ἐπειδὴ
325 3278 358 3343 δὲ
381 3275 442 3352 τοὶς
465 3281 589 3354 πίστεις
612 3275 766 3364 ἀλλήλας
789 3277 901 3363 ἔδομεν
924 3279 969 3354 εἰς
991 3275 1116 3344 ταύτὸν
1132 3278 1362 3358 συνελθόντες,
1379 3273 1469 3344 οὕτω

171 3370 280 3463 καλῶς
314 3390 368 3453 καὶ
402 3397 521 3464 κοινῶς
558 3388 811 3472 πολιτευόμεθα,
850 3383 960 3474 ὥσπερ
998 3385 1147 3473 οὐδεμιᾶς
1183 3384 1259 3473 ἡμῖν
1298 3396 1471 3474 συμφορᾶς

172 3499 390 3584 γεγενημένης.
425 3501 480 3564 καὶ
512 3498 588 3564 τότε
608 3499 668 3584 μὲν
690 3497 941 3582 ἀμαθεστάτους
964 3501 1019 3564 καὶ
1042 3499 1322 3582 δυστυχεστάτους
1345 3498 1470 3574 πάντες

171 3605 253 3694 ἡμᾶς
265 3607 425 3693 ἐνόμιζον·
443 3618 505 3674 νῦν
518 3609 551 3674 da
566 3607 848 3704 eidatpove'otaroc
864 3611 918 3673 καὶ
936 3609 1202 3694 σωφρονέστατοι
1219 3617 1288 3674 τῶν
1301 3602 1468 3692 Ἑλλήνων

172 3721 330 3803 δοκοῦμεν
352 3715 466 3793 εἷναιι,
490 3740 689 3800 quamquam
713 3741 777 3784 non
809 3730 937 3784 tantum
970 3721 1020 3783 his
1043 3720 1152 3783 verbis
1175 3719 1386 3783 tribuendum
1410 3727 1469 3802 est,

174 3830 249 3914 quia
272 3831 384 3913 paucis
409 3830 500 3892 annis
524 3840 600 3910 post
615 3831 808 3892 amnestiam
825 3832 991 3893 decretam
1014 3829 1098 3892 hanc
1122 3830 1303 3893 orationem
1326 3828 1471 3892 habitam

173 3962 244 4004 esse
268 3941 349 4004 infra
373 3942 404 4024 (ξ
430 3943 483 4024 29)
506 3940 699 4012 videbimus
724 3951 758 4002 et
786 3941 944 4003 Isocrates
979 3949 1088 4002 orator
1111 3960 1179 4001 rem
1203 3926 1313 4002 veram
1337 3938 1473 4004 fortasse

172 4072 234 4114 exa
284 4061 361 4115 erat.

237 4071 404 4242 ggQuodsi
421 4161 593 4244 quaeritur,
618 4179 697 4222 num
719 4161 905 4244 Xenophon
929 4170 1015 4224 recte
1045 4159 1222 4233 tradiderit,
1254 4159 1376 4221 multae
1398 4169 1474 4222 sunt

172 4293 233 4346 res,
259 4270 378 4355 quibus
400 4280 536 4354 apparet
555 4269 772 4334 Athenienses
795 4289 930 4353 operam
947 4270 1084 4338 dedisse,
1109 4279 1144 4332 ut
1167 4269 1283 4332 ciVitas
1312 4269 1396 4332 bene
1428 4291 1474 4333 re·

172 4382 360 4444 stitueretur
382 4389 415 4443 et
438 4401 541 4444 novae
558 4381 740 4444 discordiae
755 4389 949 4453 arcerentur,
975 4400 1060 4463 quae
1081 4377 1276 4442 aScheibeo
1292 4398 1392 4461 pagg.
1414 4382 1474 4456 138

172 4511 243 4580 sqq.
277 4490 412 4574 aliisque
436 4500 585 4553 accurate
609 4491 780 4571 expositae
810 4510 829 4551 a
853 4488 948 4552 nobis
978 4489 1084 4552 omitti
1100 4479 1256 4571 possunt.
1287 4488 1353 4552 Eas
1376 4487 1473 4560 solas,
